[
  {
    "store": "ICA Supermarket",
    "name": "Mogen mango",
    "price": "25:-",
    "unit": "2 för",
    "description": "325 g | Klass 1 | ICA | Jfr pris 38:46/kg | Ord.pris 24:90 kr.",
    "ord_pris": "24:90",
    "jfr_pris": "38:46",
    "image": "https://image-transformer-api.tjek.com/?u=s3%3A%2F%2Fsgn-prd-assets%2Fuploads%2Fbusiness_images%2F1d1dvA%2F22cef495dfee897c8b05b7be5ecf2323&w=276&s=62bee46a8d3ca71831329cae2a4461a2"
  },
  {
    "store": "ICA Supermarket",
    "name": "Äpplen Pink Lady",
    "price": "30:-",
    "unit": "/kg",
    "description": "Klass 1 | Italien/Frankrike | Ord.pris 49:90 kr.",
    "ord_pris": "49:90",
    "jfr_pris": null,
    "image": "https://image-transformer-api.tjek.com/?u=s3%3A%2F%2Fsgn-prd-assets%2Fuploads%2Fbusiness_images%2F1d1dvA%2F0d87340b45791bc8ccf86896fc2f44e8&w=276&s=1088dcd129fd62872632ef0c4594376d"
  },
  {
    "store": "ICA Supermarket",
    "name": "Färgmixade småtomater i ask",
    "price": "25:-",
    "unit": "/st",
    "description": "350 g | Klass 1 | ICA | Jfr pris 71:43/kg | Ord.pris 39:90 kr.",
    "ord_pris": "39:90",
    "jfr_pris": "71:43",
    "image": "https://image-transformer-api.tjek.com/?u=s3%3A%2F%2Fsgn-prd-assets%2Fuploads%2Fbusiness_images%2F1d1dvA%2Fb64858140309be64a6ea60f7414a5928&w=276&s=a257d1766f00da1afa0d1e295cbb87ad"
  },
  {
    "store": "ICA Supermarket",
    "name": "Hallon i ask",
    "price": "30:-",
    "unit": "/st",
    "description": "125 g | Klass 1 | ICA | Jfr pris 240:00/kg | Ord.pris 39:90 kr.",
    "ord_pris": "39:90",
    "jfr_pris": "240:00",
    "image": "https://image-transformer-api.tjek.com/?u=s3%3A%2F%2Fsgn-prd-assets%2Fuploads%2Fbusiness_images%2F1d1dvA%2F62d3bf29944ad0f279d0b9300278fae0&w=276&s=02640c1444ef400d13853f2c7bda183e"
  },
  {
    "store": "ICA Supermarket",
    "name": "Sötpotatis",
    "price": "20:-",
    "unit": "/kg",
    "description": "Ord.pris 39:90 kr.",
    "ord_pris": "39:90",
    "jfr_pris": null,
    "image": "https://image-transformer-api.tjek.com/?u=s3%3A%2F%2Fsgn-prd-assets%2Fuploads%2Fbusiness_images%2F1d1dvA%2F484ce7af938017e356f67ed022d3a85d&w=276&s=d45eb728db1929e1052ad88a08bfd256"
  },
  {
    "store": "ICA Supermarket",
    "name": "Riven ost",
    "price": "20:-",
    "unit": "/st",
    "description": "150 g | Cheddar/mozzarella, gratäng, matlagning, pizza och taco | ICA | Jfr pris 133:33/kg | Ord.pris 29:90 kr.",
    "ord_pris": "29:90",
    "jfr_pris": "133:33",
    "image": "https://image-transformer-api.tjek.com/?u=s3%3A%2F%2Fsgn-prd-assets%2Fuploads%2Fbusiness_images%2F1d1dvA%2Fdf820dba068ad7c8cad20375dd821877&w=272&s=69a231a2c353a7d3d2df2563b6fd0793"
  },
  {
    "store": "ICA Supermarket",
    "name": "Bindor, Trosskydd, Intimtvätt",
    "price": "45:-",
    "unit": "2 för",
    "description": "9-50-pack, 200 ml | Gäller ej Big pack | Libresse | Jfr pris 112:50/liter, 0:45-2:50/st | Ord.pris 32:90-35:90 kr.",
    "ord_pris": "32:90-35:90",
    "jfr_pris": "112:50",
    "image": "https://image-transformer-api.tjek.com/?u=s3%3A%2F%2Fsgn-prd-assets%2Fuploads%2Fbusiness_images%2F1d1dvA%2F84c11ea0e87848cfd9958b8da6a6e023&w=272&s=af93cc703b735e63e788ee6099f97052"
  },
  {
    "store": "ICA Supermarket",
    "name": "Blöjor",
    "price": "169:-",
    "unit": "2 för",
    "description": "20-43-pack | Storlek 3-8. Flera olika sorter. Gäller ej Libero Touch, Sleep Tight,,Swimpants | Libero | Max 1 köp/hushåll | Jfr pris 1:97-4:22/st | Ord.pris 106:90 kr.",
    "ord_pris": "106:90",
    "jfr_pris": "1:97-4:22",
    "image": "https://image-transformer-api.tjek.com/?u=s3%3A%2F%2Fsgn-prd-assets%2Fuploads%2Fbusiness_images%2F1d1dvA%2Fa720dcb831c181229133ce0e94e40fcb&w=288&s=29564235767eaddc826185f0c28a8dc0"
  },
  {
    "store": "ICA Supermarket",
    "name": "Laktosfri mjölkdryck",
    "price": "20:-",
    "unit": "/st",
    "description": "1,5 liter | Valio | Jfr pris 13:33/liter | Ord.pris 28:90 kr.",
    "ord_pris": "28:90",
    "jfr_pris": "13:33",
    "image": "https://image-transformer-api.tjek.com/?u=s3%3A%2F%2Fsgn-prd-assets%2Fuploads%2Fbusiness_images%2F1d1dvA%2Fbc888f6dbf690bbd1bc2ce95160cd97c&w=276&s=fae3e8efb23d8b3bb75aabd097248b56"
  },
  {
    "store": "ICA Supermarket",
    "name": "Torskfilé",
    "price": "89:-",
    "unit": "/st",
    "description": "375 g | Kedjepack, fryst | Royal Greenland | Jfr pris 237:33/kg | Ord.pris 122:90 kr. 30dgr.pris 122:90 kr.",
    "ord_pris": "122:90",
    "jfr_pris": "237:33",
    "image": "https://image-transformer-api.tjek.com/?u=s3%3A%2F%2Fsgn-prd-assets%2Fuploads%2Fbusiness_images%2F1d1dvA%2F5bbb3cef544437b7eba611be3f15b3d0&w=276&s=67fa00d86e340d929c48bc68df872c52"
  },
  {
    "store": "ICA Supermarket",
    "name": "Tvättmedel, Sköljmedel",
    "price": "55:-",
    "unit": "2 för",
    "description": "750 ml | Flytande | Grumme | Max 1 köp/hushåll | Jfr pris 0:62-1:31/tvätt | Ord.pris 42:90 kr.",
    "ord_pris": "42:90",
    "jfr_pris": "0:62-1:31",
    "image": "https://image-transformer-api.tjek.com/?u=s3%3A%2F%2Fsgn-prd-assets%2Fuploads%2Fbusiness_images%2F1d1dvA%2Fcfbc66512bf7267d530f1a9cb35b3c40&w=176&s=ef072112ba353d2d27ee8ef20f366bb2"
  },
  {
    "store": "ICA Supermarket",
    "name": "Hel färsk Rödtunga",
    "price": "199:-",
    "unit": "/kg",
    "description": "Ord.pris 269:00 kr.",
    "ord_pris": "269:00",
    "jfr_pris": null,
    "image": "https://image-transformer-api.tjek.com/?u=s3%3A%2F%2Fsgn-stg-assets%2Fuploads%2F9cb4wA%2FVUdcMn99wJxFpuoeXECEt&w=81&s=183b29985bc0ea2e61d978c1737c5f75"
  },
  {
    "store": "ICA Supermarket",
    "name": "Gourmet Tranbär",
    "price": "20:-",
    "unit": "/st",
    "description": "350 g | Bonjour | Jfr pris 63:49/kg | Ord.pris 37:90 kr.",
    "ord_pris": "37:90",
    "jfr_pris": "63:49",
    "image": "https://image-transformer-api.tjek.com/?u=s3%3A%2F%2Fsgn-prd-assets%2Fuploads%2Fbusiness_images%2F1d1dvA%2Ffb963b0e07a5c370193fa5fe18c36322&w=176&s=0f9b1d3c97d72110d4bf3d11ded4a535"
  },
  {
    "store": "ICA Supermarket",
    "name": "Jollekaka, Hönökaka",
    "price": "20:-",
    "unit": "/st",
    "description": "400, 450 g | Pågen | Jfr pris 44:44-50:00/kg | Ord.pris 29:90-32:90 kr.",
    "ord_pris": "29:90-32:90",
    "jfr_pris": "44:44-50:00",
    "image": "https://image-transformer-api.tjek.com/?u=s3%3A%2F%2Fsgn-prd-assets%2Fuploads%2Fbusiness_images%2F1d1dvA%2F2305eb4b017098cb4b618e385b0665e5&w=276&s=83ffce189cdf78479cd1bad625ad0f89"
  },
  {
    "store": "ICA Supermarket",
    "name": "Varsågod, Skogaholmslimpa",
    "price": "23:-",
    "unit": "/st",
    "description": "715, 775 g | Skogaholms | Max 2 köp/hushåll | Jfr pris 29:68-32:17/kg | Ord.pris 27:90-34:90 kr.",
    "ord_pris": "27:90-34:90",
    "jfr_pris": "29:68-32:17",
    "image": "https://image-transformer-api.tjek.com/?u=s3%3A%2F%2Fsgn-prd-assets%2Fuploads%2Fbusiness_images%2F1d1dvA%2F4e820a0025c14f0b7a9e8435f7b2b211&w=276&s=94c59e68ed76e3246555c3521a621f8d"
  },
  {
    "store": "ICA Supermarket",
    "name": "Frysta grönsaker",
    "price": "40:-",
    "unit": "2 för",
    "description": "500-600 g | Gäller ej rotfrukt | Apetit | Jfr pris 33:33-40:00/kg | Ord.pris 28:90-31:90 kr.",
    "ord_pris": "28:90-31:90",
    "jfr_pris": "33:33-40:00",
    "image": "https://image-transformer-api.tjek.com/?u=s3%3A%2F%2Fsgn-prd-assets%2Fuploads%2Fbusiness_images%2F1d1dvA%2F6edfaab26b741662a385e50b8af27945&w=276&s=5408e1154199096a7176557f2a9244df"
  },
  {
    "store": "ICA Supermarket",
    "name": "Pizza",
    "price": "99:-",
    "unit": "3 för",
    "description": "350 g | Fryst | Grandiosa | Jfr pris 94:29/kg | Ord.pris 47:90-48:90 kr.",
    "ord_pris": "47:90-48:90",
    "jfr_pris": "94:29",
    "image": "https://image-transformer-api.tjek.com/?u=s3%3A%2F%2Fsgn-prd-assets%2Fuploads%2Fbusiness_images%2F1d1dvA%2Ffec29d952ffbfe8f31d70bd452d432ce&w=276&s=de370ff5ef4220e198a340c244452685"
  },
  {
    "store": "ICA Supermarket",
    "name": "Potatisbullar",
    "price": "55:-",
    "unit": "2 för",
    "description": "810 g | Felix | Jfr pris 33:95/kg | Ord.pris 41:90 kr.",
    "ord_pris": "41:90",
    "jfr_pris": "33:95",
    "image": "https://image-transformer-api.tjek.com/?u=s3%3A%2F%2Fsgn-prd-assets%2Fuploads%2Fbusiness_images%2F1d1dvA%2F014962db988bdc43f96675cb8c1ae31d&w=276&s=bc83528d9163ebbade86fd267a800ce4"
  },
  {
    "store": "ICA Supermarket",
    "name": "Frysta Blåbär",
    "price": "30:-",
    "unit": "/st",
    "description": "250 g | ICA | Jfr pris 120:00/kg | Ord.pris 34:90 kr. 30dgr.pris 34:90 kr.",
    "ord_pris": "34:90",
    "jfr_pris": "120:00",
    "image": "https://image-transformer-api.tjek.com/?u=s3%3A%2F%2Fsgn-prd-assets%2Fuploads%2Fbusiness_images%2F1d1dvA%2Fca5d97d40822df8fde424bef0d3d4b32&w=276&s=a999e0c22554d71951c637c51a02e56b"
  },
  {
    "store": "ICA Supermarket",
    "name": "Päron i korg",
    "price": "15:-",
    "unit": "/st",
    "description": "1 kg | Klass 2 | ICA | Jfr pris 15:00/kg | Ord.pris 32:90 kr.",
    "ord_pris": "32:90",
    "jfr_pris": "15:00",
    "image": "https://image-transformer-api.tjek.com/?u=s3%3A%2F%2Fsgn-prd-assets%2Fuploads%2Fbusiness_images%2F1d1dvA%2F85683bc49eb8fbedc08d904ce555a6ff&w=572&s=63328f416aba114cfbb37aba61f40f17"
  },
  {
    "store": "ICA Supermarket",
    "name": "Skurna sallader i påse",
    "price": "20:-",
    "unit": "/st",
    "description": "125-225 g | Flera sorter | ICA | Jfr pris 88:89-160:00/kg | Ord.pris 26:90-34:90 kr.",
    "ord_pris": "26:90-34:90",
    "jfr_pris": "88:89-160:00",
    "image": "https://image-transformer-api.tjek.com/?u=s3%3A%2F%2Fsgn-prd-assets%2Fuploads%2Fbusiness_images%2F1d1dvA%2F6a02a2cae101a80959b4732d4e67cb86&w=572&s=635ea2cbcfbaf76b336db436d0f3d042"
  },
  {
    "store": "ICA Supermarket",
    "name": "Färskost",
    "price": "34:-",
    "unit": "2 för",
    "description": "200 g | Gäller naturell och vitlök/örter | ICA | Jfr pris 85:00/kg | Ord.pris 24:90 kr.",
    "ord_pris": "24:90",
    "jfr_pris": "85:00",
    "image": "https://image-transformer-api.tjek.com/?u=s3%3A%2F%2Fsgn-prd-assets%2Fuploads%2Fbusiness_images%2F1d1dvA%2F341c4074fe063de677280fbd6a359f4f&w=276&s=7fb75bd6cbb77caa4bf090c93f5ba61a"
  },
  {
    "store": "ICA Supermarket",
    "name": "Mozzarella",
    "price": "10:-",
    "unit": "/st",
    "description": "125 g | Galbani | Jfr pris 80:00/kg u. spad | Ord.pris 21:90 kr.",
    "ord_pris": "21:90",
    "jfr_pris": "80:00",
    "image": "https://image-transformer-api.tjek.com/?u=s3%3A%2F%2Fsgn-prd-assets%2Fuploads%2Fbusiness_images%2F1d1dvA%2F4986cc3d66a817ebc27438ec58d8a76a&w=276&s=5b6844865e0d453d0a0390b8a363249a"
  },
  {
    "store": "ICA Supermarket",
    "name": "Fetaost",
    "price": null,
    "unit": "/st",
    "description": "100 g | Zeta | Jfr pris 129:00/kg | Ord.pris 15:00 kr.",
    "ord_pris": "15:00",
    "jfr_pris": "129:00",
    "image": "https://image-transformer-api.tjek.com/?u=s3%3A%2F%2Fsgn-prd-assets%2Fuploads%2Fbusiness_images%2F1d1dvA%2F1bc3494cbfa55a72d11e612921f5d7fb&w=276&s=48444559e9057202865ef0f8ea45f0f0"
  },
  {
    "store": "ICA Supermarket",
    "name": "Lantskinka rökt plånboksförpackning",
    "price": "15:-",
    "unit": "/st",
    "description": "120g | ICA | Jfr pris 125:00/kg | Ord.pris 28:90 kr.",
    "ord_pris": "28:90",
    "jfr_pris": "125:00",
    "image": "https://image-transformer-api.tjek.com/?u=s3%3A%2F%2Fsgn-prd-assets%2Fuploads%2Fbusiness_images%2F1d1dvA%2F3794ff5445262919c732c9e309a9c5a9&w=276&s=766f257fe232b58d77cd1f8a6aebcdda"
  },
  {
    "store": "ICA Supermarket",
    "name": "Potatissallad",
    "price": null,
    "unit": "/st",
    "description": "200 g | Rydbergs | Jfr pris 39:50/kg | Ord.pris 16:90 kr.",
    "ord_pris": "16:90",
    "jfr_pris": "39:50",
    "image": "https://image-transformer-api.tjek.com/?u=s3%3A%2F%2Fsgn-prd-assets%2Fuploads%2Fbusiness_images%2F1d1dvA%2F95bbd28d122158c546db9fd3d4f31bea&w=276&s=645f1d4fb7771780c1a6f63e858e276d"
  },
  {
    "store": "ICA Supermarket",
    "name": "Färskost classic",
    "price": null,
    "unit": "/st",
    "description": "200 g | Philadelphia | Jfr pris 99:50/kg | Ord.pris 26:90 kr.",
    "ord_pris": "26:90",
    "jfr_pris": "99:50",
    "image": "https://image-transformer-api.tjek.com/?u=s3%3A%2F%2Fsgn-prd-assets%2Fuploads%2Fbusiness_images%2F1d1dvA%2F3d16e04d2b45ed6030a5891bb04adc84&w=276&s=1e06870e857210efc022687231094dda"
  },
  {
    "store": "ICA Supermarket",
    "name": "Biskopsost 30%",
    "price": "99:-",
    "unit": "/kg",
    "description": "ca 720g | Lagrad 10 månader | Falköpings Mejeri | Ord.pris 159:90 kr.",
    "ord_pris": "159:90",
    "jfr_pris": null,
    "image": "https://image-transformer-api.tjek.com/?u=s3%3A%2F%2Fsgn-prd-assets%2Fuploads%2Fbusiness_images%2F1d1dvA%2F9328684fe643b1ab104ea6aa587cbe9d&w=276&s=ae0d2ceee7e6e89dcead33baba835165"
  },
  {
    "store": "ICA Supermarket",
    "name": "Kotlett benfri",
    "price": null,
    "unit": "/st",
    "description": "300g | ICA | Jfr pris 133:00/kg | Ord.pris 59:90 kr.",
    "ord_pris": "59:90",
    "jfr_pris": "133:00",
    "image": "https://image-transformer-api.tjek.com/?u=s3%3A%2F%2Fsgn-prd-assets%2Fuploads%2Fbusiness_images%2F1d1dvA%2F2d43a165ae0bbfc14251ea6227eae802&w=276&s=9511bfde7d9324db6ad4e6fa4a7c4ffa"
  },
  {
    "store": "ICA Supermarket",
    "name": "Entrecôte for 2",
    "price": null,
    "unit": "/st",
    "description": "300g | Hacksta Köttdisk | Jfr pris 333:00/kg | Ord.pris 119:90 kr.",
    "ord_pris": "119:90",
    "jfr_pris": "333:00",
    "image": "https://image-transformer-api.tjek.com/?u=s3%3A%2F%2Fsgn-prd-assets%2Fuploads%2Fbusiness_images%2F1d1dvA%2Fab8aa7167141cfea3c6a826f374719e5&w=276&s=052f0c37e01c81dd4dc68b399598da44"
  },
  {
    "store": "ICA Supermarket",
    "name": "Ryggbiff for 2",
    "price": null,
    "unit": "/st",
    "description": "300g | Hacksta Köttdisk | Jfr pris 333:00/kg | Ord.pris 139:00 kr.",
    "ord_pris": "139:00",
    "jfr_pris": "333:00",
    "image": "https://image-transformer-api.tjek.com/?u=s3%3A%2F%2Fsgn-prd-assets%2Fuploads%2Fbusiness_images%2F1d1dvA%2F2c72c6c2a25f1d823df96d8e89584670&w=276&s=8879407c1a4675d149080e7e11947e92"
  },
  {
    "store": "ICA Supermarket",
    "name": "Rustik Brie",
    "price": "15:-",
    "unit": "/st",
    "description": "150g | Pave d'Affinois | Jfr pris 100:00/kg | Ord.pris 49:90 kr.",
    "ord_pris": "49:90",
    "jfr_pris": "100:00",
    "image": "https://image-transformer-api.tjek.com/?u=s3%3A%2F%2Fsgn-prd-assets%2Fuploads%2Fbusiness_images%2F1d1dvA%2Fee4e81a669e5c77e4e5f831a9eaf07d9&w=276&s=4db8f92de617aa891f7a40eca29298c2"
  },
  {
    "store": "ICA Supermarket",
    "name": "Färsk pasta",
    "price": "10:-",
    "unit": "/st",
    "description": "200-250 g | Gäller ej fylld, glutenfri | ICA | Max 2 köp/hushåll | Jfr pris 40:00-50:00/kg | Ord.pris 19:90 kr.",
    "ord_pris": "19:90",
    "jfr_pris": "40:00-50:00",
    "image": "https://image-transformer-api.tjek.com/?u=s3%3A%2F%2Fsgn-prd-assets%2Fuploads%2Fbusiness_images%2F1d1dvA%2Fb4eddf0139ab6f094716eed07219a127&w=276&s=5d8c68ce8743e3f8b51366d89e490e75"
  },
  {
    "store": "ICA Supermarket",
    "name": "Benfri kotlett, karré",
    "price": "35:-",
    "unit": "/st",
    "description": "300 g | 2 skivor | ICA | Max 2 köp/hushåll | Jfr pris 116:67/kg | Ord.pris 47:90-59:90 kr.",
    "ord_pris": "47:90-59:90",
    "jfr_pris": "116:67",
    "image": "https://image-transformer-api.tjek.com/?u=s3%3A%2F%2Fsgn-prd-assets%2Fuploads%2Fbusiness_images%2F1d1dvA%2F56ece0c70a538b0bb2f4e167fdcd14cc&w=276&s=e9d2a5a222b1f0f093789988c8fa3c74"
  },
  {
    "store": "ICA Supermarket",
    "name": "Färska kycklingdelar",
    "price": "59:-",
    "unit": "/kg",
    "description": "Ca 825-900 g | Gäller ej vingar | Kronfågel | Ord.pris 79:90-81:90 kr.",
    "ord_pris": "79:90-81:90",
    "jfr_pris": null,
    "image": "https://image-transformer-api.tjek.com/?u=s3%3A%2F%2Fsgn-prd-assets%2Fuploads%2Fbusiness_images%2F1d1dvA%2Fd1e26e08733d21d751172951900cdb31&w=276&s=acf0d7ca4321b96aee1b18d64831902d"
  },
  {
    "store": "ICA Supermarket",
    "name": "Salami",
    "price": "20:-",
    "unit": "/st",
    "description": "80-100 g | Skivad | Grilstad | Jfr pris 200:00-250:00/kg | Ord.pris 29:90 kr.",
    "ord_pris": "29:90",
    "jfr_pris": "200:00-250:00",
    "image": "https://image-transformer-api.tjek.com/?u=s3%3A%2F%2Fsgn-prd-assets%2Fuploads%2Fbusiness_images%2F1d1dvA%2F00fbebe45f0a56c78461ef3e85c4628b&w=572&s=7703d643cc5ec3b04b96a927de8fdefa"
  },
  {
    "store": "ICA Supermarket",
    "name": "Färskt sidfläsk i bit",
    "price": null,
    "unit": "/kg",
    "description": "Ca 600 g | Benfritt. Med svål | ICA | Ord.pris 139:00 kr.",
    "ord_pris": "139:00",
    "jfr_pris": null,
    "image": "https://image-transformer-api.tjek.com/?u=s3%3A%2F%2Fsgn-prd-assets%2Fuploads%2Fbusiness_images%2F1d1dvA%2F774f6960dda6c918938dca989a037f6c&w=276&s=27fd790c8957299372d843f86fc7889d"
  },
  {
    "store": "ICA Supermarket",
    "name": "Färska korvar",
    "price": null,
    "unit": "/st",
    "description": "300 g | Gäller ej lammkorv och ekologisk salsiccia. 90% kötthalt | ICA | Max 2 köp/hushåll | Jfr pris 99:67/kg | Ord.pris 59:90 kr.",
    "ord_pris": "59:90",
    "jfr_pris": "99:67",
    "image": "https://image-transformer-api.tjek.com/?u=s3%3A%2F%2Fsgn-prd-assets%2Fuploads%2Fbusiness_images%2F1d1dvA%2Fd84553cd33f43bf75c89de8200204ce5&w=276&s=d4d5fc57d9e3e9901d81c13d1706393a"
  },
  {
    "store": "ICA Supermarket",
    "name": "Fläskfärs",
    "price": null,
    "unit": "/st",
    "description": "500 g | Max 20% fetthalt | ICA | Jfr pris 79:80/kg | Ord.pris 51:90 kr.",
    "ord_pris": "51:90",
    "jfr_pris": "79:80",
    "image": "https://image-transformer-api.tjek.com/?u=s3%3A%2F%2Fsgn-prd-assets%2Fuploads%2Fbusiness_images%2F1d1dvA%2Fb9d303396cbad77d97a3308d67ae3c2d&w=576&s=a2b71e1261352e5e1e847c302925a654"
  },
  {
    "store": "ICA Supermarket",
    "name": "Kamben",
    "price": null,
    "unit": "/kg",
    "description": "Ca 800 g | ICA | Ord.pris 129:00 kr.",
    "ord_pris": "129:00",
    "jfr_pris": null,
    "image": "https://image-transformer-api.tjek.com/?u=s3%3A%2F%2Fsgn-prd-assets%2Fuploads%2Fbusiness_images%2F1d1dvA%2Fe4203c057818249c12da7cf4c2dace59&w=276&s=ab5401858ddb9f89566401ee1b6c41b4"
  },
  {
    "store": "ICA Supermarket",
    "name": "Herrgård®, Präst®, Grevé®",
    "price": "119:-",
    "unit": "/kg",
    "description": "Ca 667-730 g | Gäller Präst-, Grevé-, Herrgårdsost, Svecia och Dackeost. Fetthalt 17-36% | Arla Ko | Ord.pris 144:90-184:90 kr.",
    "ord_pris": "144:90-184:90",
    "jfr_pris": null,
    "image": "https://image-transformer-api.tjek.com/?u=s3%3A%2F%2Fsgn-prd-assets%2Fuploads%2Fbusiness_images%2F1d1dvA%2F41ea2831f0253f9568c1fd38edd27da6&w=276&s=99c3914d5e7637a753322655a42ebd89"
  },
  {
    "store": "ICA Supermarket",
    "name": "Sås flaska",
    "price": "40:-",
    "unit": "2 för",
    "description": "250 ml | Flera olika sorter | Rydbergs | Jfr pris 80:00/liter | Ord.pris 30:90-39:90 kr.",
    "ord_pris": "30:90-39:90",
    "jfr_pris": "80:00",
    "image": "https://image-transformer-api.tjek.com/?u=s3%3A%2F%2Fsgn-prd-assets%2Fuploads%2Fbusiness_images%2F1d1dvA%2F5a49619d8d7773e9c60be91203dec4ac&w=276&s=e6d60f3958d6255215575f62465390be"
  },
  {
    "store": "ICA Supermarket",
    "name": "Smörgåsmat",
    "price": "20:-",
    "unit": "/st",
    "description": "90-160 g | Plånbokspackad | Pärsons | Jfr pris 125:00-222:22/kg | Ord.pris 25:90-37:90 kr.",
    "ord_pris": "25:90-37:90",
    "jfr_pris": "125:00-222:22",
    "image": "https://image-transformer-api.tjek.com/?u=s3%3A%2F%2Fsgn-prd-assets%2Fuploads%2Fbusiness_images%2F1d1dvA%2Ffbe158bf85ffe1bd5766a3dea585a5e9&w=276&s=0a41170b867bc87e73edef4e77d4d6e3"
  },
  {
    "store": "ICA Supermarket",
    "name": "Tandkräm",
    "price": "39:-",
    "unit": "2 för",
    "description": "75 ml | Zendium | Jfr pris 260:00/liter | Ord.pris 28:90-35:90 kr.",
    "ord_pris": "28:90-35:90",
    "jfr_pris": "260:00",
    "image": "https://image-transformer-api.tjek.com/?u=s3%3A%2F%2Fsgn-prd-assets%2Fuploads%2Fbusiness_images%2F1d1dvA%2F2dfd7a3bf5ebf986970da0fd6403ddcf&w=276&s=3a98338184fbfa85b52fc97f40d80c98"
  },
  {
    "store": "ICA Supermarket",
    "name": "Müslibar",
    "price": "20:-",
    "unit": "3 för",
    "description": "40-50 g | Corny | Max 1 köp/hushåll | Jfr pris 133:33-166:67/kg | Ord.pris 11:90 kr.",
    "ord_pris": "11:90",
    "jfr_pris": "133:33-166:67",
    "image": "https://image-transformer-api.tjek.com/?u=s3%3A%2F%2Fsgn-prd-assets%2Fuploads%2Fbusiness_images%2F1d1dvA%2Fc0c183d3f00647eca75c4f93a1a5fc50&w=276&s=0253ca5e25ea601c3a5c7788a314748d"
  },
  {
    "store": "ICA Supermarket",
    "name": "Baby tvättservetter",
    "price": "169:-",
    "unit": "16 för",
    "description": "16 x 72-pack | Hel låda | ICA | Jfr pris 0:15/st | Ord.pris 19:90 kr.",
    "ord_pris": "19:90",
    "jfr_pris": "0:15",
    "image": "https://image-transformer-api.tjek.com/?u=s3%3A%2F%2Fsgn-prd-assets%2Fuploads%2Fbusiness_images%2F1d1dvA%2Ffe5ea970b9eeb7bf76b31309bfa5f736&w=276&s=90abe4eb8d101cc79e9bac34f763921e"
  },
  {
    "store": "ICA Supermarket",
    "name": "Hortensia",
    "price": "99:-",
    "unit": "/st",
    "description": "3-6 grenad. Flera färger. 13 cm kruka | ICA | Jfr pris 99:00/st | Ord.pris 129:00 kr.",
    "ord_pris": "129:00",
    "jfr_pris": "99:00",
    "image": "https://image-transformer-api.tjek.com/?u=s3%3A%2F%2Fsgn-prd-assets%2Fuploads%2Fbusiness_images%2F1d1dvA%2F12b27a68f023b4916dcf22fb77aef6a7&w=276&s=3f902202b50f772ad368b12a10b112b1"
  },
  {
    "store": "ICA Supermarket",
    "name": "LED Lampor Ljusgröna förpackningar",
    "price": "80:-",
    "unit": "4 för",
    "description": "1-pack | Gäller endast ljusgröna förpackningar. Dimbara och icke dimbara | ICA | Jfr pris 20:00/st | Ord.pris 25:90-49:90 kr.",
    "ord_pris": "25:90-49:90",
    "jfr_pris": "20:00",
    "image": "https://image-transformer-api.tjek.com/?u=s3%3A%2F%2Fsgn-prd-assets%2Fuploads%2Fbusiness_images%2F1d1dvA%2F727ed1d6d5f695e0b4c924d19b2393a6&w=276&s=3175c9304f386e14cb278715435bb357"
  },
  {
    "store": "ICA Supermarket",
    "name": "Proteinyoghurt",
    "price": "25:-",
    "unit": "/st",
    "description": "1 kg | Lindahls | Jfr pris 25:00/kg | Ord.pris 34:90 kr.",
    "ord_pris": "34:90",
    "jfr_pris": "25:00",
    "image": "https://image-transformer-api.tjek.com/?u=s3%3A%2F%2Fsgn-prd-assets%2Fuploads%2Fbusiness_images%2F1d1dvA%2F4686ec0b9aa5ec4c28b1b9b902608257&w=276&s=e2bda6bf4b2d8a0b29dac8b864af1afd"
  },
  {
    "store": "ICA Supermarket",
    "name": "Juice",
    "price": "27:-",
    "unit": null,
    "description": "1 liter | Gäller ej från koncentrat | ICA | Jfr pris 27:00/liter + pant | Ord.pris 36:90-38:90 kr.",
    "ord_pris": "36:90-38:90",
    "jfr_pris": "27:00",
    "image": "https://image-transformer-api.tjek.com/?u=s3%3A%2F%2Fsgn-prd-assets%2Fuploads%2Fbusiness_images%2F1d1dvA%2F7f996c3148e6392dd81f4fd8780937c4&w=276&s=6a3dfc1774dfdf7a8ffd030451e4c471"
  },
  {
    "store": "ICA Supermarket",
    "name": "iKaffe, Havredryck",
    "price": "30:-",
    "unit": "2 för",
    "description": "1 liter | Flera olika sorter. Gäller ej smaksatt | Oatly | Max 1 köp/hushåll | Jfr pris 15:00/liter | Ord.pris 19:90-25:90 kr.",
    "ord_pris": "19:90-25:90",
    "jfr_pris": "15:00",
    "image": "https://image-transformer-api.tjek.com/?u=s3%3A%2F%2Fsgn-prd-assets%2Fuploads%2Fbusiness_images%2F1d1dvA%2Fb2857ef7927c4593fd99147ab8a642c4&w=288&s=f2ddc604ff8361048eac28156d41a100"
  },
  {
    "store": "ICA Supermarket",
    "name": "Toalettpapper extra långt",
    "price": "25:-",
    "unit": "/st",
    "description": "6 styck | ICA | Jfr pris 22:75/kg | Ord.pris 57:90 kr. 30dgr.pris 40:00 kr.",
    "ord_pris": "57:90",
    "jfr_pris": "22:75",
    "image": "https://image-transformer-api.tjek.com/?u=s3%3A%2F%2Fsgn-prd-assets%2Fuploads%2Fbusiness_images%2F1d1dvA%2Fee658b7d2e5fb405882ac5ee1e37c575&w=276&s=1b8c657981f70824e467952aceae5c64"
  },
  {
    "store": "ICA Supermarket",
    "name": "Kaffekapslar",
    "price": "25:-",
    "unit": "/st",
    "description": "10st | Utvalda sorter | Lavazza | Jfr pris 2:50/st | Ord.pris 46:90 kr. 30dgr.pris 40:00 kr.",
    "ord_pris": "46:90",
    "jfr_pris": "2:50",
    "image": "https://image-transformer-api.tjek.com/?u=s3%3A%2F%2Fsgn-prd-assets%2Fuploads%2Fbusiness_images%2F1d1dvA%2F3b4a97c34c32ca2bc8991aac1b026397&w=276&s=ed4d95f3b8602c81791d765b4d3d7bb2"
  },
  {
    "store": "ICA Supermarket",
    "name": "Pepsi Max burk",
    "price": "5:-",
    "unit": null,
    "description": "33cl | GÄLLER MÅN-TIS | Pepsi | Jfr pris 15:15/lit exkl pant | Ord.pris 11:90 kr. 30dgr.pris 11:90 kr.",
    "ord_pris": "11:90",
    "jfr_pris": "15:15",
    "image": "https://image-transformer-api.tjek.com/?u=s3%3A%2F%2Fsgn-prd-assets%2Fuploads%2Fbusiness_images%2F1d1dvA%2Fdbb0518781fbdf447f70e3c51f21a819&w=276&s=87b7f0474c2e6adc9243609e103a4b38"
  },
  {
    "store": "ICA Supermarket",
    "name": "Lättdryck",
    "price": "25:-",
    "unit": "5 för",
    "description": "2 dl | Flera olika smaker | Kiviks Musteri | Jfr pris 5:00/liter drick. + pant, 5:00/liter drickklar | Ord.pris 9:90 kr.",
    "ord_pris": "9:90",
    "jfr_pris": "5:00",
    "image": "https://image-transformer-api.tjek.com/?u=s3%3A%2F%2Fsgn-prd-assets%2Fuploads%2Fbusiness_images%2F1d1dvA%2F5731579c3e1bd3c47957b9b0e8985ac2&w=572&s=9cc74d0ce8fb01b5223c57c2256504c0"
  },
  {
    "store": "ICA Supermarket",
    "name": "Ekologiska bönor, linser, kikärtor",
    "price": "40:-",
    "unit": "4 för",
    "description": "380 g | Zeta | Jfr pris 43:48/kg utan spad | Ord.pris 17:90-18:90 kr.",
    "ord_pris": "17:90-18:90",
    "jfr_pris": "43:48",
    "image": "https://image-transformer-api.tjek.com/?u=s3%3A%2F%2Fsgn-prd-assets%2Fuploads%2Fbusiness_images%2F1d1dvA%2Ff1aeb2d841069b09f3d3d799e0828be1&w=276&s=f530b8c6dc8123a7fa1f040b0ba68a4c"
  },
  {
    "store": "ICA Supermarket",
    "name": "Godispåsar",
    "price": "30:-",
    "unit": "4 för",
    "description": "70-80 g | S-Märke | Jfr pris 93:75-107:14/kg | Ord.pris 12:90-16:90 kr.",
    "ord_pris": "12:90-16:90",
    "jfr_pris": "93:75-107:14",
    "image": "https://image-transformer-api.tjek.com/?u=s3%3A%2F%2Fsgn-prd-assets%2Fuploads%2Fbusiness_images%2F1d1dvA%2Fb061eb129c3b651d4495b4bf5618626b&w=276&s=6469a71e30ee0ce4fc2a42f05942d5c5"
  },
  {
    "store": "ICA Supermarket",
    "name": "Pesto",
    "price": "50:-",
    "unit": "3 för",
    "description": "185 g | ICA | Jfr pris 90:09/kg | Ord.pris 27:90 kr.",
    "ord_pris": "27:90",
    "jfr_pris": "90:09",
    "image": "https://image-transformer-api.tjek.com/?u=s3%3A%2F%2Fsgn-prd-assets%2Fuploads%2Fbusiness_images%2F1d1dvA%2F0117bc87b66fb7156df84f8cbff466b4&w=276&s=3956b76748255de7d30989ee4ed53020"
  },
  {
    "store": "ICA Supermarket",
    "name": "Havrekuddar",
    "price": "40:-",
    "unit": "2 för",
    "description": "375 g | ICA | Jfr pris 53:33/kg | Ord.pris 30:90 kr.",
    "ord_pris": "30:90",
    "jfr_pris": "53:33",
    "image": "https://image-transformer-api.tjek.com/?u=s3%3A%2F%2Fsgn-prd-assets%2Fuploads%2Fbusiness_images%2F1d1dvA%2Ffec3324bee9a0d1739c8171aea4526ac&w=276&s=6b96803576c5320fb46ef4de57dc64a2"
  },
  {
    "store": "ICA Supermarket",
    "name": "Smoothie, Puré",
    "price": "30:-",
    "unit": "4 för",
    "description": "90 g | ICA | Jfr pris 83:33/kg | Ord.pris 11:90-13:90 kr.",
    "ord_pris": "11:90-13:90",
    "jfr_pris": "83:33",
    "image": "https://image-transformer-api.tjek.com/?u=s3%3A%2F%2Fsgn-prd-assets%2Fuploads%2Fbusiness_images%2F1d1dvA%2F33df33b2fca609f002449280368461ec&w=276&s=1d7c687edc601bb9f0667965ed64e708"
  },
  {
    "store": "ICA Supermarket",
    "name": "Bakchoklad",
    "price": "30:-",
    "unit": "/st",
    "description": "200 g | ICA | Jfr pris 150:00/kg | Ord.pris 41:90 kr. 30dgr.pris 41:90 kr.",
    "ord_pris": "41:90",
    "jfr_pris": "150:00",
    "image": "https://image-transformer-api.tjek.com/?u=s3%3A%2F%2Fsgn-prd-assets%2Fuploads%2Fbusiness_images%2F1d1dvA%2F177336a76ab05a53e848dbdd706065da&w=276&s=d53e262ecb7015bf720a926c2784a654"
  },
  {
    "store": "ICA Supermarket",
    "name": "Nutella",
    "price": "65:-",
    "unit": "2 för",
    "description": "350 g | Ferrero | Jfr pris 92:86/kg | Ord.pris 46:90 kr.",
    "ord_pris": "46:90",
    "jfr_pris": "92:86",
    "image": "https://image-transformer-api.tjek.com/?u=s3%3A%2F%2Fsgn-prd-assets%2Fuploads%2Fbusiness_images%2F1d1dvA%2F45e592288bbb56698432ba57f893c72c&w=276&s=69bbf77ddd300ca67d7498a40067ba49"
  },
  {
    "store": "ICA Supermarket",
    "name": "Te",
    "price": "36:-",
    "unit": "2 för",
    "description": "125-150 gr | Kobbs | Jfr pris 120:00-144:00/kg | Ord.pris 26:90-39:90 kr.",
    "ord_pris": "26:90-39:90",
    "jfr_pris": "120:00-144:00",
    "image": "https://image-transformer-api.tjek.com/?u=s3%3A%2F%2Fsgn-prd-assets%2Fuploads%2Fbusiness_images%2F1d1dvA%2Fcdac843ccca7de8501bb3aa263eb8a77&w=276&s=b2d0de252f8a460507df3441c4673fb6"
  },
  {
    "store": "ICA Supermarket",
    "name": "Pastasås",
    "price": "35:-",
    "unit": "2 för",
    "description": "400 g | Barilla | Jfr pris 43:75/kg | Ord.pris 29:90 kr.",
    "ord_pris": "29:90",
    "jfr_pris": "43:75",
    "image": "https://image-transformer-api.tjek.com/?u=s3%3A%2F%2Fsgn-prd-assets%2Fuploads%2Fbusiness_images%2F1d1dvA%2Fb190b4724591e791188be302d138c6ba&w=276&s=8ecbc104752cae45b12374402e9ab452"
  },
  {
    "store": "ICA Supermarket",
    "name": "Energidryck",
    "price": "25:-",
    "unit": "2 för",
    "description": "355 ml | Celsius | Jfr pris 35:21/liter + pant | Ord.pris 22:90-23:90 kr.",
    "ord_pris": "22:90-23:90",
    "jfr_pris": "35:21",
    "image": "https://image-transformer-api.tjek.com/?u=s3%3A%2F%2Fsgn-prd-assets%2Fuploads%2Fbusiness_images%2F1d1dvA%2F9613e5198505ef0e955d1a50562afc6a&w=276&s=4949778f4c5ae781bf33527abb32e9d7"
  },
  {
    "store": "ICA Nära",
    "name": "Mogen mango",
    "price": "25:-",
    "unit": "2 för",
    "description": "325 g | Klass 1 | ICA | Jfr pris 38:46/kg | Ord.pris 24:95 kr.",
    "ord_pris": "24:95",
    "jfr_pris": "38:46",
    "image": "https://image-transformer-api.tjek.com/?u=s3%3A%2F%2Fsgn-prd-assets%2Fuploads%2Fbusiness_images%2F20d4lA%2F22cef495dfee897c8b05b7be5ecf2323&w=272&s=4a329fdad0ca7faf81c7df63e2699ef0"
  },
  {
    "store": "ICA Nära",
    "name": "Vego",
    "price": "100:-",
    "unit": "4 för",
    "description": "220-320 g | Fryst | Quorn | Jfr pris 78:12-113:64/kg | Ord.pris 42:95-49:95 kr.",
    "ord_pris": "42:95-49:95",
    "jfr_pris": "78:12-113:64",
    "image": "https://image-transformer-api.tjek.com/?u=s3%3A%2F%2Fsgn-prd-assets%2Fuploads%2Fbusiness_images%2F20d4lA%2F366d40484717a0064897d987da13891d&w=272&s=c39260e29e8b00b3c7f206d32f279e00"
  },
  {
    "store": "ICA Nära",
    "name": "Boil in Bag ris",
    "price": "29:-",
    "unit": "/st",
    "description": "500 g | Flera olika sorter | Ben´s Original | Jfr pris 58:00/kg | Ord.pris 46:95-49:95 kr. 30dgr.pris 46:95-49:95 kr.",
    "ord_pris": "46:95-49:95",
    "jfr_pris": "58:00",
    "image": "https://image-transformer-api.tjek.com/?u=s3%3A%2F%2Fsgn-prd-assets%2Fuploads%2Fbusiness_images%2F20d4lA%2Fed3e11428a1272b48a7d5e586a2a8d3c&w=272&s=f4830b9ee98dd8cf4a3251583a20baa2"
  },
  {
    "store": "ICA Nära",
    "name": "Smördeg, Pajdeg",
    "price": "25:-",
    "unit": "2 för",
    "description": "250 g | Kyld | ICA | Jfr pris 50:00/kg | Ord.pris 24:95-26:95 kr.",
    "ord_pris": "24:95-26:95",
    "jfr_pris": "50:00",
    "image": "https://image-transformer-api.tjek.com/?u=s3%3A%2F%2Fsgn-prd-assets%2Fuploads%2Fbusiness_images%2F20d4lA%2F3192f783a9830374792067d5fe790e44&w=576&s=130735c2c4d38f0c99c0873cbfc69114"
  },
  {
    "store": "ICA Nära",
    "name": "Fruktdryck",
    "price": "29:-",
    "unit": "/st",
    "description": "1 liter | Flera olika sorter | Proviva | Jfr pris 29:00/liter | Ord.pris 37:95-42:95 kr.",
    "ord_pris": "37:95-42:95",
    "jfr_pris": "29:00",
    "image": "https://image-transformer-api.tjek.com/?u=s3%3A%2F%2Fsgn-prd-assets%2Fuploads%2Fbusiness_images%2F20d4lA%2F8fc925d866151fad149b10b2b5a7c644&w=276&s=9f3bf2e66ae59e559571801a26a22210"
  },
  {
    "store": "ICA Nära",
    "name": "Knäckebröd",
    "price": "20:-",
    "unit": "2 för",
    "description": "200 g | Trekantsknäcke. Gäller brungräddat, normalgräddat | Leksandsbröd | Jfr pris 50:00/kg | Ord.pris 13:95 kr.",
    "ord_pris": "13:95",
    "jfr_pris": "50:00",
    "image": "https://image-transformer-api.tjek.com/?u=s3%3A%2F%2Fsgn-prd-assets%2Fuploads%2Fbusiness_images%2F20d4lA%2F4d566c1cea50cee239e0abe6ec5f7b66&w=276&s=b9b7db0314242f542fe8cbbecbc7b22c"
  },
  {
    "store": "ICA Nära",
    "name": "Batterier",
    "price": "69:-",
    "unit": "2 för",
    "description": "Batterier. 10-pack. Finns som AA och AAA. | ICA | Jfr pris 3:45/st | Ord.pris 48:95 kr.",
    "ord_pris": "48:95",
    "jfr_pris": "3:45",
    "image": "https://image-transformer-api.tjek.com/?u=s3%3A%2F%2Fsgn-prd-assets%2Fuploads%2Fbusiness_images%2F20d4lA%2Fb5dc85cbac44454fb21618735b569d5b&w=276&s=8afe384956b7307d74e0c7b6bbf79e73"
  },
  {
    "store": "ICA Nära",
    "name": "Schampo, Balsam, Duschcreme",
    "price": "34:-",
    "unit": "2 för",
    "description": "250 ml | Gäller ej balsamspray och kids. | Barnängen | Jfr pris 68:00/liter | Ord.pris 21:95-28:95 kr.",
    "ord_pris": "21:95-28:95",
    "jfr_pris": "68:00",
    "image": "https://image-transformer-api.tjek.com/?u=s3%3A%2F%2Fsgn-prd-assets%2Fuploads%2Fbusiness_images%2F20d4lA%2F2ee6a1a6ca500eb5fd62acb79a7695cd&w=276&s=7811c07b3df7637a23b02156fbaa3355"
  },
  {
    "store": "ICA Nära",
    "name": "Fast potatis i påse",
    "price": "12:-",
    "unit": "/st",
    "description": "1,2 kg | Klass 1 | ICA | Jfr pris 10:00/kg | Ord.pris 26:95 kr.",
    "ord_pris": "26:95",
    "jfr_pris": "10:00",
    "image": "https://image-transformer-api.tjek.com/?u=s3%3A%2F%2Fsgn-prd-assets%2Fuploads%2Fbusiness_images%2F20d4lA%2F1ed92edb22292a0bf68e96c332f1e311&w=276&s=90e7c6772d85e41b9b8ccead039de4d1"
  },
  {
    "store": "ICA Nära",
    "name": "Plommontomater i ask",
    "price": "22:-",
    "unit": "/st",
    "description": "500 g | Klass 1 | ICA | Jfr pris 44:00/kg | Ord.pris 33:95 kr.",
    "ord_pris": "33:95",
    "jfr_pris": "44:00",
    "image": "https://image-transformer-api.tjek.com/?u=s3%3A%2F%2Fsgn-prd-assets%2Fuploads%2Fbusiness_images%2F20d4lA%2F2361c418b510c8aa39cc79c9494f3e4d&w=276&s=45b5ff32742284845049fc3210ef831a"
  },
  {
    "store": "ICA Nära",
    "name": "Blodapelsiner i nät",
    "price": "22:-",
    "unit": "/st",
    "description": "1 kg | Klass 1 | ICA | Jfr pris 22:00/kg | Ord.pris 34:95 kr.",
    "ord_pris": "34:95",
    "jfr_pris": "22:00",
    "image": "https://image-transformer-api.tjek.com/?u=s3%3A%2F%2Fsgn-prd-assets%2Fuploads%2Fbusiness_images%2F20d4lA%2F6c63563626c9c20192c74670a552afae&w=176&s=b3429a89958b954a147fed4e268d8c9d"
  },
  {
    "store": "ICA Nära",
    "name": "Päron Conference",
    "price": "22:-",
    "unit": "/kg",
    "description": "Klass 1 | ICA | Ord.pris 29:95 kr.",
    "ord_pris": "29:95",
    "jfr_pris": null,
    "image": "https://image-transformer-api.tjek.com/?u=s3%3A%2F%2Fsgn-prd-assets%2Fuploads%2Fbusiness_images%2F20d4lA%2Fb9a5e9817fc139c24ca9568ec29aa57d&w=176&s=827f539925a9943528db2a5bc960de53"
  },
  {
    "store": "ICA Nära",
    "name": "Röda kärnfria druvor i ask",
    "price": "30:-",
    "unit": "/st",
    "description": "500 g | Klass 1 | ICA | Jfr pris 60:00/kg | Ord.pris 49:95 kr.",
    "ord_pris": "49:95",
    "jfr_pris": "60:00",
    "image": "https://image-transformer-api.tjek.com/?u=s3%3A%2F%2Fsgn-prd-assets%2Fuploads%2Fbusiness_images%2F20d4lA%2F6435764bdd885f0b8b7ecbb0078ebad6&w=176&s=71fd26c4abd2d217ab9f5216adc083ec"
  },
  {
    "store": "ICA Nära",
    "name": "Småbröd",
    "price": "20:-",
    "unit": "3 för",
    "description": "110 g | Gäller Grekisk lantfralla, Levain multifrö, Surdegsbröd mörkt | Dafgård | Jfr pris 60:61/kg | Ord.pris 11:95 kr.",
    "ord_pris": "11:95",
    "jfr_pris": "60:61",
    "image": "https://image-transformer-api.tjek.com/?u=s3%3A%2F%2Fsgn-prd-assets%2Fuploads%2Fbusiness_images%2F20d4lA%2F56a62a93711255239f2bb5f33da4ad38&w=276&s=ea693f294989780473803bcf36a5cbab"
  },
  {
    "store": "ICA Nära",
    "name": "Hönökaka, Jollekaka",
    "price": "40:-",
    "unit": "2 för",
    "description": "400-450 g | Gäller Hönökaka 4-pack, Jollekaka 6-pack. | Pågen | Jfr pris 44:44-50:00/kg | Ord.pris 31:95-33:95 kr.",
    "ord_pris": "31:95-33:95",
    "jfr_pris": "44:44-50:00",
    "image": "https://image-transformer-api.tjek.com/?u=s3%3A%2F%2Fsgn-prd-assets%2Fuploads%2Fbusiness_images%2F20d4lA%2F2305eb4b017098cb4b618e385b0665e5&w=276&s=3378ebad6ce06aedd1344cb4d514e208"
  },
  {
    "store": "ICA Nära",
    "name": "Matpaj",
    "price": "45:-",
    "unit": "2 för",
    "description": "210-220 g | Fryst | Felix | Max 1 köp/hushåll | Jfr pris 102:27-107:14/kg | Ord.pris 36:95-37:95 kr.",
    "ord_pris": "36:95-37:95",
    "jfr_pris": "102:27-107:14",
    "image": "https://image-transformer-api.tjek.com/?u=s3%3A%2F%2Fsgn-prd-assets%2Fuploads%2Fbusiness_images%2F20d4lA%2F452022702840c49649e11da52cfcf525&w=276&s=1d25475a8013dc82f76e1b9d70d53b9f"
  },
  {
    "store": "ICA Nära",
    "name": "Torskfilé",
    "price": "85:-",
    "unit": "/st",
    "description": "400 g | Fryst | ICA | Jfr pris 212:50/kg | Ord.pris 107:00 kr. 30dgr.pris 91:95 kr.",
    "ord_pris": "107:00",
    "jfr_pris": "212:50",
    "image": "https://image-transformer-api.tjek.com/?u=s3%3A%2F%2Fsgn-prd-assets%2Fuploads%2Fbusiness_images%2F20d4lA%2F01b7dc2b70b0d7582225b98f2d28714a&w=276&s=31362ed5748a98a659f7ae5e965ebccb"
  },
  {
    "store": "ICA Nära",
    "name": "Pizza",
    "price": "50:-",
    "unit": "4 för",
    "description": "170 g | Frysta | Billys | Jfr pris 73:53/kg | Ord.pris 17:95 kr.",
    "ord_pris": "17:95",
    "jfr_pris": "73:53",
    "image": "https://image-transformer-api.tjek.com/?u=s3%3A%2F%2Fsgn-prd-assets%2Fuploads%2Fbusiness_images%2F20d4lA%2F25bb637e86eab16693ff8e832528bb5b&w=276&s=4c1e648e8b1335364b95e2e920eb012c"
  },
  {
    "store": "ICA Nära",
    "name": "Philadelphiaost",
    "price": "40:-",
    "unit": "2 för",
    "description": "145-200 g | Gäller även laktosfri och plant based | Max 1 köp/hushåll | Jfr pris 100:00-137:93/kg | Ord.pris 24:95-31:95 kr.",
    "ord_pris": "24:95-31:95",
    "jfr_pris": "100:00-137:93",
    "image": "https://image-transformer-api.tjek.com/?u=s3%3A%2F%2Fsgn-prd-assets%2Fuploads%2Fbusiness_images%2F20d4lA%2Ff9394ae91eb2f1b344728d706ea294a5&w=276&s=37a444ee0209645f7d250393d6102693"
  },
  {
    "store": "ICA Nära",
    "name": "Färsk Kycklinglårfilé",
    "price": "119:-",
    "unit": "/kg",
    "description": "Ca 925 g | Kronfågel | Ord.pris 177:00 kr.",
    "ord_pris": "177:00",
    "jfr_pris": null,
    "image": "https://image-transformer-api.tjek.com/?u=s3%3A%2F%2Fsgn-prd-assets%2Fuploads%2Fbusiness_images%2F20d4lA%2Fdf05bf883c13fcea18b3bf99bd6f4456&w=276&s=3ce40911cacaf1075c91af78574e449d"
  },
  {
    "store": "ICA Nära",
    "name": "Färska korvar",
    "price": null,
    "unit": "/st",
    "description": "300 g | Gäller ej lammkorv och ekologisk salsiccia. 90% kötthalt | ICA | Max 2 köp/hushåll | Jfr pris 99:67/kg | Ord.pris 44:95 kr.",
    "ord_pris": "44:95",
    "jfr_pris": "99:67",
    "image": "https://image-transformer-api.tjek.com/?u=s3%3A%2F%2Fsgn-prd-assets%2Fuploads%2Fbusiness_images%2F20d4lA%2Fd84553cd33f43bf75c89de8200204ce5&w=276&s=74fd93794f281cd0bdeeaa39daa6c261"
  },
  {
    "store": "ICA Nära",
    "name": "Pulled pork",
    "price": null,
    "unit": "/st",
    "description": "550 g | Slow cooked. Med glaze | ICA | Jfr pris 99:82/kg | Ord.pris 67:95 kr.",
    "ord_pris": "67:95",
    "jfr_pris": "99:82",
    "image": "https://image-transformer-api.tjek.com/?u=s3%3A%2F%2Fsgn-prd-assets%2Fuploads%2Fbusiness_images%2F20d4lA%2F09a85181066d8b3b20ce9c53ebcccea1&w=276&s=15e379081c604b8965ec4644b12d8a42"
  },
  {
    "store": "ICA Nära",
    "name": "Crème fraiche",
    "price": "25:-",
    "unit": "2 för",
    "description": "2 dl | Naturell 32 % | ICA | Jfr pris 62:50/liter | Ord.pris 15:95 kr.",
    "ord_pris": "15:95",
    "jfr_pris": "62:50",
    "image": "https://image-transformer-api.tjek.com/?u=s3%3A%2F%2Fsgn-prd-assets%2Fuploads%2Fbusiness_images%2F20d4lA%2F9061f585eaf2659693d815674fac36e7&w=276&s=8148d976d2f239164e9e544651753a71"
  },
  {
    "store": "ICA Nära",
    "name": "Becel",
    "price": "30:-",
    "unit": "/st",
    "description": "Max 2 köp/hushåll | Jfr pris 50:00-54:55/kg | Ord.pris 41:95-42:95 kr.",
    "ord_pris": "41:95-42:95",
    "jfr_pris": "50:00-54:55",
    "image": "https://image-transformer-api.tjek.com/?u=s3%3A%2F%2Fsgn-prd-assets%2Fuploads%2Fbusiness_images%2F20d4lA%2Fb2199649f49040cc28c1858ad247fb6f&w=276&s=e165a005b7d1dfafa4726bb500929f66"
  },
  {
    "store": "ICA Nära",
    "name": "Havregryn",
    "price": "25:-",
    "unit": "2 för",
    "description": "750 g | Gäller ej eko | AXA | Max 1 köp/hushåll | Jfr pris 15:15-16:67/kg | Ord.pris 18:95-25:95 kr.",
    "ord_pris": "18:95-25:95",
    "jfr_pris": "15:15-16:67",
    "image": "https://image-transformer-api.tjek.com/?u=s3%3A%2F%2Fsgn-prd-assets%2Fuploads%2Fbusiness_images%2F20d4lA%2F5f01b92fe8536b53512a2611dd388551&w=276&s=62d16d8c478bffc90dc7c0e991ff4db9"
  },
  {
    "store": "ICA Nära",
    "name": "Godispåsar",
    "price": "25:-",
    "unit": "3 för",
    "description": "70-80 g | Gäller ej strawberry straws. | Haribo | Jfr pris 104:17-119:05/kg | Ord.pris 11:95 kr.",
    "ord_pris": "11:95",
    "jfr_pris": "104:17-119:05",
    "image": "https://image-transformer-api.tjek.com/?u=s3%3A%2F%2Fsgn-prd-assets%2Fuploads%2Fbusiness_images%2F20d4lA%2Ff52fa51ef010da5fb47d20d7d06a250c&w=276&s=93528629394f984ab14e2b75e19c768a"
  },
  {
    "store": "ICA Nära",
    "name": "Halstabletter",
    "price": "35:-",
    "unit": "2 för",
    "description": "72 g | Vicks | Jfr pris 243:06/kg | Ord.pris 24:95 kr.",
    "ord_pris": "24:95",
    "jfr_pris": "243:06",
    "image": "https://image-transformer-api.tjek.com/?u=s3%3A%2F%2Fsgn-prd-assets%2Fuploads%2Fbusiness_images%2F20d4lA%2Fad4050f18617879b067db2c0d11a8866&w=276&s=bbca77e038ff882a724f352f966c4978"
  },
  {
    "store": "ICA Nära",
    "name": "Naturens bästa Frukt-, bärdryck",
    "price": "40:-",
    "unit": "2 för",
    "description": "1 liter | Flera sorter | Kiviks Musteri | Jfr pris 20:00/liter | Ord.pris 32:95 kr.",
    "ord_pris": "32:95",
    "jfr_pris": "20:00",
    "image": "https://image-transformer-api.tjek.com/?u=s3%3A%2F%2Fsgn-prd-assets%2Fuploads%2Fbusiness_images%2F20d4lA%2Fc2091f7383c8f1a4fbe12a1df207efc9&w=276&s=b234850cd8055865df789363396e7d95"
  },
  {
    "store": "ICA Nära",
    "name": "Pastasås",
    "price": "35:-",
    "unit": "2 för",
    "description": "400 g | Barilla | Jfr pris 43:75/kg | Ord.pris 28:95-29:95 kr.",
    "ord_pris": "28:95-29:95",
    "jfr_pris": "43:75",
    "image": "https://image-transformer-api.tjek.com/?u=s3%3A%2F%2Fsgn-prd-assets%2Fuploads%2Fbusiness_images%2F20d4lA%2Fb190b4724591e791188be302d138c6ba&w=276&s=88b4a031060ef54dfd5d1ebbd03c5435"
  },
  {
    "store": "ICA Nära",
    "name": "Snabbkaffe",
    "price": "79:-",
    "unit": "/st",
    "description": "200 g | Softpack. | Nescafé Lyx | Max 2 köp/hushåll | Jfr pris 395:00/kg | Ord.pris 104:00 kr. 30dgr.pris 104:00 kr.",
    "ord_pris": "104:00",
    "jfr_pris": "395:00",
    "image": "https://image-transformer-api.tjek.com/?u=s3%3A%2F%2Fsgn-prd-assets%2Fuploads%2Fbusiness_images%2F20d4lA%2F03e1daac3ee6815da025574b617a1371&w=276&s=92f4077edd988372e17973e647a5699c"
  },
  {
    "store": "ICA Nära",
    "name": "Kattmat multipack",
    "price": "49:-",
    "unit": "/st",
    "description": "Jfr pris 48:04/kg | Ord.pris 64:95-65:00 kr. 30dgr.pris 49:00 kr.",
    "ord_pris": "64:95-65:00",
    "jfr_pris": "48:04",
    "image": "https://image-transformer-api.tjek.com/?u=s3%3A%2F%2Fsgn-prd-assets%2Fuploads%2Fbusiness_images%2F20d4lA%2F771420c184d7e2da08152799c0342fa3&w=276&s=595f6ee0cfc21d48fb54c4bad0659de4"
  },
  {
    "store": "ICA Nära",
    "name": "Buljong",
    "price": "30:-",
    "unit": "2 för",
    "description": "12-pack | Gäller ej ekologisk | Jfr pris 2:50/liter drickklar | Ord.pris 22:95 kr.",
    "ord_pris": "22:95",
    "jfr_pris": "2:50",
    "image": "https://image-transformer-api.tjek.com/?u=s3%3A%2F%2Fsgn-prd-assets%2Fuploads%2Fbusiness_images%2F20d4lA%2Fb11b914f7e25067f4e868a4856f327a4&w=276&s=a261ef5b687fcb2e2d0d3ec305366e05"
  },
  {
    "store": "ICA Nära",
    "name": "Chips",
    "price": "40:-",
    "unit": "2 för",
    "description": "200 g | Svenska Lantchips | Jfr pris 100:00/kg | Ord.pris 27:95 kr.",
    "ord_pris": "27:95",
    "jfr_pris": "100:00",
    "image": "https://image-transformer-api.tjek.com/?u=s3%3A%2F%2Fsgn-prd-assets%2Fuploads%2Fbusiness_images%2F20d4lA%2F721417843e7c293ddf435a7609f68524&w=276&s=cace4d37415a667a5a48730ff64d8544"
  },
  {
    "store": "ICA Nära",
    "name": "Läsk",
    "price": "55:-",
    "unit": "3 för",
    "description": "1,5 liter | Coca-Cola, Fanta, Sprite | Jfr pris 12:22/liter + pant | Ord.pris 24:95 kr.",
    "ord_pris": "24:95",
    "jfr_pris": "12:22",
    "image": "https://image-transformer-api.tjek.com/?u=s3%3A%2F%2Fsgn-prd-assets%2Fuploads%2Fbusiness_images%2F20d4lA%2Fe7c2cab3c2dac2a4fc85e9f9ecfa971d&w=276&s=2d49f9347b0b4b479e38765b1150eeb4"
  },
  {
    "store": "ICA Nära",
    "name": "Nachochips, Tortillachips",
    "price": "50:-",
    "unit": "4 för",
    "description": "185 g | Santa Maria | Jfr pris 67:57/kg | Ord.pris 17:95-18:95 kr.",
    "ord_pris": "17:95-18:95",
    "jfr_pris": "67:57",
    "image": "https://image-transformer-api.tjek.com/?u=s3%3A%2F%2Fsgn-prd-assets%2Fuploads%2Fbusiness_images%2F20d4lA%2F9406d0320d1550425a1e009c4a958270&w=276&s=49becc0472c1d67ea8e8593d3a4e12fb"
  },
  {
    "store": "ICA Nära",
    "name": "Frukostflingor",
    "price": "40:-",
    "unit": "2 för",
    "description": "350 g | Gäller havreringar, havrekuddar & flerkornsringar | Frebaco | Jfr pris 57:14/kg | Ord.pris 28:95 kr.",
    "ord_pris": "28:95",
    "jfr_pris": "57:14",
    "image": "https://image-transformer-api.tjek.com/?u=s3%3A%2F%2Fsgn-prd-assets%2Fuploads%2Fbusiness_images%2F20d4lA%2F5d5a3247d394d738854741405813312a&w=276&s=0face908a3d8148c028e43b6e67ce120"
  },
  {
    "store": "ICA Maxi",
    "name": "MORÖTTER I PÅSE",
    "price": "10:-",
    "unit": null,
    "description": "1 kg • 10 kr/kg",
    "ord_pris": null,
    "jfr_pris": "10",
    "image": "https://image-transformer-api.tjek.com/?u=s3%3A%2F%2Fsgn-prd-assets%2Fuploads%2FcJFSRU22%2Fp-5.webp&w=300&x1r=0.0454&x2r=0.512&y1r=0.7219&y2r=0.9613&s=bfb2b4852470bde450de6c1adeba5043"
  },
  {
    "store": "ICA Maxi",
    "name": "ÄPPLEN I PÅSE",
    "price": "12:-",
    "unit": null,
    "description": "1 kg • 12 kr/kg",
    "ord_pris": null,
    "jfr_pris": "12",
    "image": "https://image-transformer-api.tjek.com/?u=s3%3A%2F%2Fsgn-prd-assets%2Fuploads%2FcJFSRU22%2Fp-5.webp&w=300&x1r=0.6001&x2r=0.9654&y1r=0.0327&y2r=0.285&s=957a173f82562c1f09db823396163ec8"
  },
  {
    "store": "ICA Maxi",
    "name": "APELSINER I NÄT",
    "price": "15:-",
    "unit": null,
    "description": "1 kg • 15 kr/kg",
    "ord_pris": null,
    "jfr_pris": "15",
    "image": "https://image-transformer-api.tjek.com/?u=s3%3A%2F%2Fsgn-prd-assets%2Fuploads%2FcJFSRU22%2Fp-5.webp&w=300&x1r=0.2416&x2r=0.6159&y1r=0.0298&y2r=0.2846&s=b05eaf346a9524a627296ec5ce0dc37a"
  },
  {
    "store": "ICA Maxi",
    "name": "EKOLOGISKA BÖNGRODDAR I ASK",
    "price": "15:-",
    "unit": null,
    "description": "180 g • 83,33 kr/kg",
    "ord_pris": null,
    "jfr_pris": "83,33",
    "image": "https://image-transformer-api.tjek.com/?u=s3%3A%2F%2Fsgn-prd-assets%2Fuploads%2FcJFSRU22%2Fp-5.webp&w=300&x1r=0.0636&x2r=0.4234&y1r=0.5495&y2r=0.7294&s=3a8384d53b5eedf86bb973ae40843020"
  },
  {
    "store": "ICA Maxi",
    "name": "RÖD SPETSPAPRIKA I PÅSE",
    "price": "18:-",
    "unit": null,
    "description": "200 g • 90 kr/kg",
    "ord_pris": null,
    "jfr_pris": "90",
    "image": "https://image-transformer-api.tjek.com/?u=s3%3A%2F%2Fsgn-prd-assets%2Fuploads%2FcJFSRU22%2Fp-5.webp&w=300&x1r=0.0394&x2r=0.2767&y1r=0.2726&y2r=0.5606&s=10b3b3c44d9d21ed0a7435af62e0cd20"
  },
  {
    "store": "ICA Maxi",
    "name": "SVARTKÅL I PÅSE, GRÖNKÅL I PÅSE",
    "price": "20:-",
    "unit": null,
    "description": "200 g • 100 kr/kg",
    "ord_pris": null,
    "jfr_pris": "100",
    "image": "https://image-transformer-api.tjek.com/?u=s3%3A%2F%2Fsgn-prd-assets%2Fuploads%2FcJFSRU22%2Fp-5.webp&w=300&x1r=0.5079&x2r=0.9647&y1r=0.7147&y2r=0.9581&s=fc72564906c243688e40fa7c144ba57c"
  },
  {
    "store": "ICA Maxi",
    "name": "MOGEN MANGO",
    "price": "25:-",
    "unit": null,
    "description": null,
    "ord_pris": null,
    "jfr_pris": null,
    "image": "https://image-transformer-api.tjek.com/?u=s3%3A%2F%2Fsgn-prd-assets%2Fuploads%2FcJFSRU22%2Fp-5.webp&w=300&x1r=0.0295&x2r=0.2911&y1r=0.0297&y2r=0.2808&s=1d2f469740a1e18cd22980e025a1c9c8"
  },
  {
    "store": "ICA Maxi",
    "name": "BABYPLOMMON-TOMATER I ASK",
    "price": "30:-",
    "unit": null,
    "description": "500 g • 60 kr/kg",
    "ord_pris": null,
    "jfr_pris": "60",
    "image": "https://image-transformer-api.tjek.com/?u=s3%3A%2F%2Fsgn-prd-assets%2Fuploads%2FcJFSRU22%2Fp-5.webp&w=300&x1r=0.3509&x2r=0.6535&y1r=0.4869&y2r=0.7188&s=84409ba4209db58f5bf526be41cfd000"
  },
  {
    "store": "ICA Maxi",
    "name": "JORDGUBBAR I ASK",
    "price": "30:-",
    "unit": null,
    "description": "250 g • 120 kr/kg",
    "ord_pris": null,
    "jfr_pris": "120",
    "image": "https://image-transformer-api.tjek.com/?u=s3%3A%2F%2Fsgn-prd-assets%2Fuploads%2FcJFSRU22%2Fp-1.webp&w=300&x1r=0.6282&x2r=0.9647&y1r=0.0452&y2r=0.2379&s=5c67f8d964b7cbebd91c06f29f144eb8"
  },
  {
    "store": "ICA Maxi",
    "name": "MOGEN AVOKADO 3-PACK",
    "price": "30:-",
    "unit": null,
    "description": "300 g • 100 kr/kg",
    "ord_pris": null,
    "jfr_pris": "100",
    "image": "https://image-transformer-api.tjek.com/?u=s3%3A%2F%2Fsgn-prd-assets%2Fuploads%2FcJFSRU22%2Fp-5.webp&w=300&x1r=0.7062&x2r=0.9551&y1r=0.2729&y2r=0.563&s=10d818c73c1f39a6b1836626f49b3cdd"
  },
  {
    "store": "ICA Maxi",
    "name": "BENFRI KARRÉ",
    "price": "69.90:-",
    "unit": null,
    "description": "1 kg • 69,90 kr/kg",
    "ord_pris": null,
    "jfr_pris": "69,90",
    "image": "https://image-transformer-api.tjek.com/?u=s3%3A%2F%2Fsgn-prd-assets%2Fuploads%2FcJFSRU22%2Fp-1.webp&w=300&x1r=0.0389&x2r=0.2383&y1r=0.2903&y2r=0.5397&s=51621b43a6c731ba069569a4094abe50"
  },
  {
    "store": "ICA Maxi",
    "name": "FLÄSKYTTERFILÉ",
    "price": "95:-",
    "unit": null,
    "description": "1 kg • 95 kr/kg",
    "ord_pris": null,
    "jfr_pris": "95",
    "image": "https://image-transformer-api.tjek.com/?u=s3%3A%2F%2Fsgn-prd-assets%2Fuploads%2FcJFSRU22%2Fp-2.webp&w=300&x1r=0.3374&x2r=0.6964&y1r=0.3473&y2r=0.6499&s=eac2a53b346961f38769318779707135"
  },
  {
    "store": "ICA Maxi",
    "name": "FRYST KYCKLINGBRÖSTFILÉ",
    "price": "169:-",
    "unit": null,
    "description": "2x1000 g • 84,50 kr/kg",
    "ord_pris": null,
    "jfr_pris": "84,50",
    "image": "https://image-transformer-api.tjek.com/?u=s3%3A%2F%2Fsgn-prd-assets%2Fuploads%2FcJFSRU22%2Fp-1.webp&w=300&x1r=0.216&x2r=0.4638&y1r=0.294&y2r=0.5367&s=56aab7e565043b40ded56fc6c528f346"
  },
  {
    "store": "ICA Maxi",
    "name": "KYCKLINGGRILLKORV",
    "price": "30:-",
    "unit": null,
    "description": "2x400 g • 37,50 kr/kg",
    "ord_pris": null,
    "jfr_pris": "37,50",
    "image": "https://image-transformer-api.tjek.com/?u=s3%3A%2F%2Fsgn-prd-assets%2Fuploads%2FcJFSRU22%2Fp-2.webp&w=300&x1r=0.6706&x2r=0.9607&y1r=0.3346&y2r=0.653&s=79433c8b9736e40a322e63104f9279d7"
  },
  {
    "store": "ICA Maxi",
    "name": "SKINKSCHNITZEL",
    "price": "43.90:-",
    "unit": null,
    "description": "300 g • 146,33 kr/kg",
    "ord_pris": null,
    "jfr_pris": "146,33",
    "image": "https://image-transformer-api.tjek.com/?u=s3%3A%2F%2Fsgn-prd-assets%2Fuploads%2FcJFSRU22%2Fp-2.webp&w=300&x1r=0.3361&x2r=0.6693&y1r=0.0432&y2r=0.3385&s=d5dc0844126dfca3f2d105d2018fe8c7"
  },
  {
    "store": "ICA Maxi",
    "name": "FLÄSKLÄGG MED BEN",
    "price": "44.90:-",
    "unit": null,
    "description": "1 kg • 44,90 kr/kg",
    "ord_pris": null,
    "jfr_pris": "44,90",
    "image": "https://image-transformer-api.tjek.com/?u=s3%3A%2F%2Fsgn-prd-assets%2Fuploads%2FcJFSRU22%2Fp-2.webp&w=300&x1r=0.0397&x2r=0.3532&y1r=0.3431&y2r=0.6506&s=17e7ed768009019e142213cd57a82dbd"
  },
  {
    "store": "ICA Maxi",
    "name": "VEGANSK KORV & TOFU",
    "price": "55:-",
    "unit": null,
    "description": "2x210-350 g • 130,95 kr/kg",
    "ord_pris": null,
    "jfr_pris": "130,95",
    "image": "https://image-transformer-api.tjek.com/?u=s3%3A%2F%2Fsgn-prd-assets%2Fuploads%2FcJFSRU22%2Fp-7.webp&w=300&x1r=0.3663&x2r=0.673&y1r=0.6545&y2r=0.9606&s=c5bf638c6f16f12883758e55325352bb"
  },
  {
    "store": "ICA Maxi",
    "name": "REVBENSSPJÄLL",
    "price": "59.90:-",
    "unit": null,
    "description": "1 kg • 59,90 kr/kg",
    "ord_pris": null,
    "jfr_pris": "59,90",
    "image": "https://image-transformer-api.tjek.com/?u=s3%3A%2F%2Fsgn-prd-assets%2Fuploads%2FcJFSRU22%2Fp-2.webp&w=300&x1r=0.6589&x2r=0.9534&y1r=0.0319&y2r=0.3435&s=545789ec803cf1b6a74d01bf0295a5f6"
  },
  {
    "store": "ICA Maxi",
    "name": "KEBAB",
    "price": "79.90:-",
    "unit": null,
    "description": "550 g • 145,27 kr/kg",
    "ord_pris": null,
    "jfr_pris": "145,27",
    "image": "https://image-transformer-api.tjek.com/?u=s3%3A%2F%2Fsgn-prd-assets%2Fuploads%2FcJFSRU22%2Fp-2.webp&w=300&x1r=0.3503&x2r=0.6686&y1r=0.663&y2r=0.9584&s=0c201f15d85c06cd9f6a17a365f5fcfa"
  },
  {
    "store": "ICA Maxi",
    "name": "BENFRI KOTLETT",
    "price": "99:-",
    "unit": null,
    "description": "1 kg • 99 kr/kg",
    "ord_pris": null,
    "jfr_pris": "99",
    "image": "https://image-transformer-api.tjek.com/?u=s3%3A%2F%2Fsgn-prd-assets%2Fuploads%2FcJFSRU22%2Fp-2.webp&w=300&x1r=0.0456&x2r=0.3473&y1r=0.0329&y2r=0.3422&s=503c0fac9e33f17b1d5980d812944399"
  },
  {
    "store": "ICA Maxi",
    "name": "RISMÅL",
    "price": "25:-",
    "unit": null,
    "description": "3x175 g • 47,62 kr/kg",
    "ord_pris": null,
    "jfr_pris": "47,62",
    "image": "https://image-transformer-api.tjek.com/?u=s3%3A%2F%2Fsgn-prd-assets%2Fuploads%2FcJFSRU22%2Fp-3.webp&w=300&x1r=0.0455&x2r=0.3826&y1r=0.3426&y2r=0.6499&s=213830f143ae05c7fe6fe9814fc55ee8"
  },
  {
    "store": "ICA Maxi",
    "name": "KVARG",
    "price": "21.90:-",
    "unit": null,
    "description": "500 g • 43,80 kr/kg",
    "ord_pris": null,
    "jfr_pris": "43,80",
    "image": "https://image-transformer-api.tjek.com/?u=s3%3A%2F%2Fsgn-prd-assets%2Fuploads%2FcJFSRU22%2Fp-3.webp&w=300&x1r=0.371&x2r=0.6553&y1r=0.3538&y2r=0.6529&s=6bdeceb50a501440c9991da59ac846e7"
  },
  {
    "store": "ICA Maxi",
    "name": "SKIVAD OST",
    "price": "34.90:-",
    "unit": null,
    "description": "400 g • 87,25 kr/kg",
    "ord_pris": null,
    "jfr_pris": "87,25",
    "image": "https://image-transformer-api.tjek.com/?u=s3%3A%2F%2Fsgn-prd-assets%2Fuploads%2FcJFSRU22%2Fp-3.webp&w=300&x1r=0.7128&x2r=0.9595&y1r=0.6532&y2r=0.9573&s=461aa302b57e3c6e5915c08b6d83708d"
  },
  {
    "store": "ICA Maxi",
    "name": "FAMILJEFAVORITER",
    "price": "79.90:-",
    "unit": null,
    "description": "1 kg • 79,90 kr/kg",
    "ord_pris": null,
    "jfr_pris": "79,90",
    "image": "https://image-transformer-api.tjek.com/?u=s3%3A%2F%2Fsgn-prd-assets%2Fuploads%2FcJFSRU22%2Fp-1.webp&w=300&x1r=0.0438&x2r=0.4991&y1r=0.5348&y2r=0.7388&s=5fb8abbff4d15875f437384485dee9ab"
  },
  {
    "store": "ICA Maxi",
    "name": "MILD YOGHURT NATURELL, VANILJ",
    "price": "34:-",
    "unit": null,
    "description": "2x1 kg • 17 kr/kg",
    "ord_pris": null,
    "jfr_pris": "17",
    "image": "https://image-transformer-api.tjek.com/?u=s3%3A%2F%2Fsgn-prd-assets%2Fuploads%2FcJFSRU22%2Fp-3.webp&w=300&x1r=0.2841&x2r=0.5139&y1r=0.6534&y2r=0.9644&s=a1a9984a7b04d75cbbb148d5c17efc91"
  },
  {
    "store": "ICA Maxi",
    "name": "GÅRDSGODA",
    "price": "39.90:-",
    "unit": null,
    "description": "400-500 g • 99,75 kr/kg",
    "ord_pris": null,
    "jfr_pris": "99,75",
    "image": "https://image-transformer-api.tjek.com/?u=s3%3A%2F%2Fsgn-prd-assets%2Fuploads%2FcJFSRU22%2Fp-3.webp&w=300&x1r=0.6514&x2r=0.9593&y1r=0.3459&y2r=0.6526&s=9640303c048079d9f3e0cacd4dd8ee7a"
  },
  {
    "store": "ICA Maxi",
    "name": "DESSERTOST",
    "price": "44.90:-",
    "unit": null,
    "description": "200 g • 224,50 kr/kg",
    "ord_pris": null,
    "jfr_pris": "224,50",
    "image": "https://image-transformer-api.tjek.com/?u=s3%3A%2F%2Fsgn-prd-assets%2Fuploads%2FcJFSRU22%2Fp-9.webp&w=300&x1r=0.0593&x2r=0.337&y1r=0.343&y2r=0.6496&s=5d7cb2b6bd1f1e06128c15c128f3b967"
  },
  {
    "store": "ICA Maxi",
    "name": "SALAMI",
    "price": "45:-",
    "unit": null,
    "description": "2x80-120 g • 281,25 kr/kg",
    "ord_pris": null,
    "jfr_pris": "281,25",
    "image": "https://image-transformer-api.tjek.com/?u=s3%3A%2F%2Fsgn-prd-assets%2Fuploads%2FcJFSRU22%2Fp-3.webp&w=300&x1r=0.4968&x2r=0.7287&y1r=0.6579&y2r=0.958&s=b211c885ba4bab6acc09291a37533341"
  },
  {
    "store": "ICA Maxi",
    "name": "POTATISGRATÄNG",
    "price": "17.90:-",
    "unit": null,
    "description": "800 g • 22,38 kr/kg",
    "ord_pris": null,
    "jfr_pris": "22,38",
    "image": "https://image-transformer-api.tjek.com/?u=s3%3A%2F%2Fsgn-prd-assets%2Fuploads%2FcJFSRU22%2Fp-6.webp&w=300&x1r=0.0495&x2r=0.3568&y1r=0.0298&y2r=0.3405&s=afb3464440155f3f3f7dd34211669727"
  },
  {
    "store": "ICA Maxi",
    "name": "FRYSTA GRÖNSAKER",
    "price": "39:-",
    "unit": null,
    "description": "2x500-600 g • 39 kr/kg",
    "ord_pris": null,
    "jfr_pris": "39",
    "image": "https://image-transformer-api.tjek.com/?u=s3%3A%2F%2Fsgn-prd-assets%2Fuploads%2FcJFSRU22%2Fp-6.webp&w=300&x1r=0.3429&x2r=0.6539&y1r=0.0348&y2r=0.3399&s=104654f0cf2ac92f474a89633992713a"
  },
  {
    "store": "ICA Maxi",
    "name": "FRYST POTATIS",
    "price": "59:-",
    "unit": null,
    "description": "2x750-810 g • 39,33 kr/kg",
    "ord_pris": null,
    "jfr_pris": "39,33",
    "image": "https://image-transformer-api.tjek.com/?u=s3%3A%2F%2Fsgn-prd-assets%2Fuploads%2FcJFSRU22%2Fp-7.webp&w=300&x1r=0.0464&x2r=0.3659&y1r=0.3409&y2r=0.6477&s=6489a81e51e393548b0f85a12b9690af"
  },
  {
    "store": "ICA Maxi",
    "name": "FRYST VEGO",
    "price": "60:-",
    "unit": null,
    "description": "2x270-280 g • 111,11 kr/kg",
    "ord_pris": null,
    "jfr_pris": "111,11",
    "image": "https://image-transformer-api.tjek.com/?u=s3%3A%2F%2Fsgn-prd-assets%2Fuploads%2FcJFSRU22%2Fp-7.webp&w=300&x1r=0.6621&x2r=0.9595&y1r=0.6565&y2r=0.9646&s=26e2cdb16283e56dce3dc418319b61d7"
  },
  {
    "store": "ICA Maxi",
    "name": "FRYST PIZZA TRADIZIONALE",
    "price": "69:-",
    "unit": null,
    "description": "2x380-415 g • 90,79 kr/kg",
    "ord_pris": null,
    "jfr_pris": "90,79",
    "image": "https://image-transformer-api.tjek.com/?u=s3%3A%2F%2Fsgn-prd-assets%2Fuploads%2FcJFSRU22%2Fp-7.webp&w=300&x1r=0.5158&x2r=0.9623&y1r=0.0306&y2r=0.3392&s=6c3858c91532dba271180c303ba8836b"
  },
  {
    "store": "ICA Maxi",
    "name": "FRYSTA ENPORTIONSRÄTTER",
    "price": "75:-",
    "unit": null,
    "description": "2x360-380 g • 104,17 kr/kg",
    "ord_pris": null,
    "jfr_pris": "104,17",
    "image": "https://image-transformer-api.tjek.com/?u=s3%3A%2F%2Fsgn-prd-assets%2Fuploads%2FcJFSRU22%2Fp-7.webp&w=300&x1r=0.053&x2r=0.5301&y1r=0.0393&y2r=0.3369&s=7b6521d9703be87ac8720026ee22bc74"
  },
  {
    "store": "ICA Maxi",
    "name": "FRYSTA RÄKOR MED SKAL 90/120",
    "price": "99:-",
    "unit": null,
    "description": "2x500 g • 99 kr/kg",
    "ord_pris": null,
    "jfr_pris": "99",
    "image": "https://image-transformer-api.tjek.com/?u=s3%3A%2F%2Fsgn-prd-assets%2Fuploads%2FcJFSRU22%2Fp-2.webp&w=300&x1r=0.6634&x2r=0.9596&y1r=0.655&y2r=0.965&s=3c35b6e60ff0b2ce20c7f3c746fd1cdd"
  },
  {
    "store": "ICA Maxi",
    "name": "FRYST RENSKAV",
    "price": "149:-",
    "unit": null,
    "description": "2x240 g • 310,42 kr/kg",
    "ord_pris": null,
    "jfr_pris": "310,42",
    "image": "https://image-transformer-api.tjek.com/?u=s3%3A%2F%2Fsgn-prd-assets%2Fuploads%2FcJFSRU22%2Fp-2.webp&w=300&x1r=0.0441&x2r=0.3586&y1r=0.6556&y2r=0.9621&s=cbec02367b5578f9fad4441ddb316bcd"
  },
  {
    "store": "ICA Maxi",
    "name": "SMÖR- & RAPSOLJA",
    "price": "25.90:-",
    "unit": null,
    "description": "500 ml • 51,80 kr/l",
    "ord_pris": null,
    "jfr_pris": null,
    "image": "https://image-transformer-api.tjek.com/?u=s3%3A%2F%2Fsgn-prd-assets%2Fuploads%2FcJFSRU22%2Fp-6.webp&w=300&x1r=0.0488&x2r=0.2985&y1r=0.6476&y2r=0.9654&s=ba19704176192094d562651b9eef9c8d"
  },
  {
    "store": "ICA Maxi",
    "name": "VITA BÖNOR",
    "price": "29:-",
    "unit": null,
    "description": "3x415 g • 23,29 kr/kg",
    "ord_pris": null,
    "jfr_pris": "23,29",
    "image": "https://image-transformer-api.tjek.com/?u=s3%3A%2F%2Fsgn-prd-assets%2Fuploads%2FcJFSRU22%2Fp-6.webp&w=300&x1r=0.3383&x2r=0.6616&y1r=0.3483&y2r=0.6494&s=a7256865cf736e05927510d1e19c19b0"
  },
  {
    "store": "ICA Maxi",
    "name": "HALSTABLETTER 2-PACK",
    "price": "30:-",
    "unit": null,
    "description": "2x50 g • 300 kr/kg",
    "ord_pris": null,
    "jfr_pris": "300",
    "image": "https://image-transformer-api.tjek.com/?u=s3%3A%2F%2Fsgn-prd-assets%2Fuploads%2FcJFSRU22%2Fp-6.webp&w=300&x1r=0.2913&x2r=0.5671&y1r=0.6505&y2r=0.9652&s=14a73bc9bd6e5332bdb2ef5928a6261c"
  },
  {
    "store": "ICA Maxi",
    "name": "PASTA, SPAGHETTI",
    "price": "30:-",
    "unit": null,
    "description": "3x400-500 g • 25 kr/kg",
    "ord_pris": null,
    "jfr_pris": "25",
    "image": "https://image-transformer-api.tjek.com/?u=s3%3A%2F%2Fsgn-prd-assets%2Fuploads%2FcJFSRU22%2Fp-1.webp&w=300&x1r=0.4657&x2r=0.7332&y1r=0.2911&y2r=0.5461&s=494a97bc95b6d26fa90fb695cb13fa24"
  },
  {
    "store": "ICA Maxi",
    "name": "SOPPA",
    "price": "30:-",
    "unit": null,
    "description": "2x400 g • 37,50 kr/kg",
    "ord_pris": null,
    "jfr_pris": "37,50",
    "image": "https://image-transformer-api.tjek.com/?u=s3%3A%2F%2Fsgn-prd-assets%2Fuploads%2FcJFSRU22%2Fp-6.webp&w=300&x1r=0.6644&x2r=0.9536&y1r=0.3507&y2r=0.6506&s=9278afd9f0b561170dbce26ad89647f6"
  },
  {
    "store": "ICA Maxi",
    "name": "VETEMJÖL",
    "price": "30:-",
    "unit": null,
    "description": "2x2 kg • 7,50 kr/kg",
    "ord_pris": null,
    "jfr_pris": "7,50",
    "image": "https://image-transformer-api.tjek.com/?u=s3%3A%2F%2Fsgn-prd-assets%2Fuploads%2FcJFSRU22%2Fp-6.webp&w=300&x1r=0.6399&x2r=0.9626&y1r=0.0314&y2r=0.3441&s=806fe67e3f4102f4b4f45b6b49b15a0c"
  },
  {
    "store": "ICA Maxi",
    "name": "MAZARIN",
    "price": "35:-",
    "unit": null,
    "description": "2x300 g • 58,33 kr/kg",
    "ord_pris": null,
    "jfr_pris": "58,33",
    "image": "https://image-transformer-api.tjek.com/?u=s3%3A%2F%2Fsgn-prd-assets%2Fuploads%2FcJFSRU22%2Fp-6.webp&w=300&x1r=0.5602&x2r=0.9504&y1r=0.783&y2r=0.9672&s=4cee741df2b284eec2255a5e3c68954b"
  },
  {
    "store": "ICA Maxi",
    "name": "TORKAD MANGO, PASSIONSFRUKT",
    "price": "35:-",
    "unit": null,
    "description": "2x100 g • 175,00 kr/kg",
    "ord_pris": null,
    "jfr_pris": "175,00",
    "image": "https://image-transformer-api.tjek.com/?u=s3%3A%2F%2Fsgn-prd-assets%2Fuploads%2FcJFSRU22%2Fp-9.webp&w=300&x1r=0.0444&x2r=0.3742&y1r=0.038&y2r=0.3446&s=8bcdaeec80b4f9688197c7b1caf283c9"
  },
  {
    "store": "ICA Maxi",
    "name": "AHLGRENS BILAR, GOTT & BLANDAT",
    "price": "40:-",
    "unit": null,
    "description": "3x130-210 g • 102,56 kr/kg",
    "ord_pris": null,
    "jfr_pris": "102,56",
    "image": "https://image-transformer-api.tjek.com/?u=s3%3A%2F%2Fsgn-prd-assets%2Fuploads%2FcJFSRU22%2Fp-9.webp&w=300&x1r=0.3796&x2r=0.958&y1r=0.0368&y2r=0.3426&s=ccd1199d87dcbe5b62c5aa8d5651cfaa"
  },
  {
    "store": "ICA Maxi",
    "name": "PASTASÅS",
    "price": "45:-",
    "unit": null,
    "description": "2x440-450 g • 51,14 kr/kg",
    "ord_pris": null,
    "jfr_pris": "51,14",
    "image": "https://image-transformer-api.tjek.com/?u=s3%3A%2F%2Fsgn-prd-assets%2Fuploads%2FcJFSRU22%2Fp-6.webp&w=300&x1r=0.0522&x2r=0.3383&y1r=0.3377&y2r=0.6538&s=9d4b6cde9b3d2ae9e484f294c35e8058"
  },
  {
    "store": "ICA Maxi",
    "name": "ENERGIDRYCK",
    "price": "45:-",
    "unit": null,
    "description": "3x330 ml • 45,45 kr/l",
    "ord_pris": null,
    "jfr_pris": null,
    "image": "https://image-transformer-api.tjek.com/?u=s3%3A%2F%2Fsgn-prd-assets%2Fuploads%2FcJFSRU22%2Fp-9.webp&w=300&x1r=0.0446&x2r=0.3623&y1r=0.6485&y2r=0.9609&s=85a30a332dba9b245ff532b5482234ea"
  },
  {
    "store": "ICA Maxi",
    "name": "LÄSK",
    "price": "49:-",
    "unit": null,
    "description": "3x150 cl • 10,89 kr/l",
    "ord_pris": null,
    "jfr_pris": null,
    "image": "https://image-transformer-api.tjek.com/?u=s3%3A%2F%2Fsgn-prd-assets%2Fuploads%2FcJFSRU22%2Fp-9.webp&w=300&x1r=0.6622&x2r=0.9576&y1r=0.3422&y2r=0.649&s=0084f798da773b216c26ff51911259e0"
  },
  {
    "store": "ICA Maxi",
    "name": "SEMLA",
    "price": "1:-",
    "unit": null,
    "description": null,
    "ord_pris": null,
    "jfr_pris": null,
    "image": "https://image-transformer-api.tjek.com/?u=s3%3A%2F%2Fsgn-prd-assets%2Fuploads%2FcJFSRU22%2Fp-10.webp&w=300&x1r=0.0384&x2r=0.9626&y1r=0.4519&y2r=0.838&s=776fc400a2fcb065512a493f002e6e35"
  },
  {
    "store": "ICA Maxi",
    "name": "MINIBAGUETTER",
    "price": "12.90:-",
    "unit": null,
    "description": "300 g • 43 kr/kg",
    "ord_pris": null,
    "jfr_pris": "43",
    "image": "https://image-transformer-api.tjek.com/?u=s3%3A%2F%2Fsgn-prd-assets%2Fuploads%2FcJFSRU22%2Fp-6.webp&w=300&x1r=0.5434&x2r=0.9574&y1r=0.6397&y2r=0.8155&s=69331f1982c08f871ffb9be191e5f0c7"
  },
  {
    "store": "ICA Maxi",
    "name": "RÅGBRÖD",
    "price": "19.90:-",
    "unit": null,
    "description": "330-360 g • 60,30 kr/kg",
    "ord_pris": null,
    "jfr_pris": "60,30",
    "image": "https://image-transformer-api.tjek.com/?u=s3%3A%2F%2Fsgn-prd-assets%2Fuploads%2FcJFSRU22%2Fp-3.webp&w=300&x1r=0.4969&x2r=0.9621&y1r=0.0356&y2r=0.3406&s=79410810127fb312802d4627b78c961b"
  },
  {
    "store": "ICA Maxi",
    "name": "SKOGAHOLMSLIMPA",
    "price": "20:-",
    "unit": null,
    "description": "775 g • 25,81 kr/kg",
    "ord_pris": null,
    "jfr_pris": "25,81",
    "image": "https://image-transformer-api.tjek.com/?u=s3%3A%2F%2Fsgn-prd-assets%2Fuploads%2FcJFSRU22%2Fp-1.webp&w=300&x1r=0.6927&x2r=0.9601&y1r=0.3689&y2r=0.6671&s=8610db67a2cb95e4fb37d225c6f17ff2"
  },
  {
    "store": "ICA Maxi",
    "name": "HÖNÖKAKA 4-P, HIMLA GO",
    "price": "40:-",
    "unit": null,
    "description": "2x400-450 g • 50 kr/kg",
    "ord_pris": null,
    "jfr_pris": "50",
    "image": "https://image-transformer-api.tjek.com/?u=s3%3A%2F%2Fsgn-prd-assets%2Fuploads%2FcJFSRU22%2Fp-3.webp&w=300&x1r=0.0453&x2r=0.5007&y1r=0.0371&y2r=0.3357&s=6e4e95663a1e77bd5c909df07fc9b9aa"
  },
  {
    "store": "ICA Maxi",
    "name": "POPCORNHINK",
    "price": "20:-",
    "unit": null,
    "description": null,
    "ord_pris": null,
    "jfr_pris": null,
    "image": "https://image-transformer-api.tjek.com/?u=s3%3A%2F%2Fsgn-prd-assets%2Fuploads%2FcJFSRU22%2Fp-12.webp&w=300&x1r=0.8015&x2r=0.963&y1r=0.4904&y2r=0.6708&s=d87aaccaee6c2c5f8ab88bf84e22d08b"
  },
  {
    "store": "ICA Maxi",
    "name": "SMAKSATTA RISKAKOR, MAJSKAKOR",
    "price": "50:-",
    "unit": null,
    "description": "3x120-125 g • 138,89 kr/kg",
    "ord_pris": null,
    "jfr_pris": "138,89",
    "image": "https://image-transformer-api.tjek.com/?u=s3%3A%2F%2Fsgn-prd-assets%2Fuploads%2FcJFSRU22%2Fp-7.webp&w=300&x1r=0.0422&x2r=0.368&y1r=0.6499&y2r=0.9623&s=f4c3e4e951cb508207ecb8825aa863ad"
  },
  {
    "store": "ICA Maxi",
    "name": "SERVETTBOX",
    "price": "18:-",
    "unit": null,
    "description": null,
    "ord_pris": null,
    "jfr_pris": null,
    "image": "https://image-transformer-api.tjek.com/?u=s3%3A%2F%2Fsgn-prd-assets%2Fuploads%2FcJFSRU22%2Fp-12.webp&w=300&x1r=0.4646&x2r=0.6457&y1r=0.4914&y2r=0.6696&s=a646ace06f4d3406e1d3f2968bda9c11"
  },
  {
    "store": "ICA Maxi",
    "name": "SUGRÖR",
    "price": "20:-",
    "unit": null,
    "description": null,
    "ord_pris": null,
    "jfr_pris": null,
    "image": "https://image-transformer-api.tjek.com/?u=s3%3A%2F%2Fsgn-prd-assets%2Fuploads%2FcJFSRU22%2Fp-12.webp&w=300&x1r=0.6324&x2r=0.8167&y1r=0.4885&y2r=0.6726&s=9b7cbb38276ebf00d10c8c2ecbba2307"
  },
  {
    "store": "ICA Maxi",
    "name": "AVFALLSPÅSE",
    "price": "40:-",
    "unit": null,
    "description": null,
    "ord_pris": null,
    "jfr_pris": null,
    "image": "https://image-transformer-api.tjek.com/?u=s3%3A%2F%2Fsgn-prd-assets%2Fuploads%2FcJFSRU22%2Fp-12.webp&w=300&x1r=0.2105&x2r=0.4698&y1r=0.493&y2r=0.6706&s=a639027546f2ab5bc53d8ecca3934146"
  },
  {
    "store": "ICA Maxi",
    "name": "DAMMSUGARPÅSAR",
    "price": "99:-",
    "unit": null,
    "description": null,
    "ord_pris": null,
    "jfr_pris": null,
    "image": "https://image-transformer-api.tjek.com/?u=s3%3A%2F%2Fsgn-prd-assets%2Fuploads%2FcJFSRU22%2Fp-1.webp&w=300&x1r=0.0418&x2r=0.2515&y1r=0.7305&y2r=0.9597&s=dc6f88a10e14f101823fb6779aeb8590"
  },
  {
    "store": "ICA Maxi",
    "name": "MUGGAR",
    "price": null,
    "unit": null,
    "description": null,
    "ord_pris": null,
    "jfr_pris": null,
    "image": "https://image-transformer-api.tjek.com/?u=s3%3A%2F%2Fsgn-prd-assets%2Fuploads%2FcJFSRU22%2Fp-12.webp&w=300&x1r=0.4331&x2r=0.9643&y1r=0.3361&y2r=0.4884&s=29a80c718d3f465fc70240f4d4f9b543"
  },
  {
    "store": "ICA Maxi",
    "name": "THERMOMUGG",
    "price": "75:-",
    "unit": null,
    "description": null,
    "ord_pris": null,
    "jfr_pris": null,
    "image": "https://image-transformer-api.tjek.com/?u=s3%3A%2F%2Fsgn-prd-assets%2Fuploads%2FcJFSRU22%2Fp-12.webp&w=300&x1r=0.0488&x2r=0.435&y1r=0.3075&y2r=0.4843&s=0996ed1ac87e91ae20716d25d383bdce"
  },
  {
    "store": "ICA Maxi",
    "name": "DAMMSUGARE",
    "price": "799:-",
    "unit": null,
    "description": null,
    "ord_pris": null,
    "jfr_pris": null,
    "image": "https://image-transformer-api.tjek.com/?u=s3%3A%2F%2Fsgn-prd-assets%2Fuploads%2FcJFSRU22%2Fp-12.webp&w=300&x1r=0.32&x2r=0.6539&y1r=0.0315&y2r=0.3397&s=b40c5fa2eefa09b0402a068f38e270e6"
  },
  {
    "store": "ICA Maxi",
    "name": "FÖRVARINGSLÅDOR",
    "price": null,
    "unit": null,
    "description": null,
    "ord_pris": null,
    "jfr_pris": null,
    "image": "https://image-transformer-api.tjek.com/?u=s3%3A%2F%2Fsgn-prd-assets%2Fuploads%2FcJFSRU22%2Fp-1.webp&w=300&x1r=0.4793&x2r=0.7383&y1r=0.5419&y2r=0.9747&s=76f06c1538fd3add630268c9e0b83ab0"
  },
  {
    "store": "ICA Maxi",
    "name": "FRÖER",
    "price": null,
    "unit": null,
    "description": null,
    "ord_pris": null,
    "jfr_pris": null,
    "image": "https://image-transformer-api.tjek.com/?u=s3%3A%2F%2Fsgn-prd-assets%2Fuploads%2FcJFSRU22%2Fp-1.webp&w=300&x1r=0.2398&x2r=0.5075&y1r=0.7337&y2r=0.9568&s=c6acae4fc82a4c20cb7e055a8cf3b06c"
  },
  {
    "store": "ICA Maxi",
    "name": "ERGORAPIDO",
    "price": "999:-",
    "unit": null,
    "description": null,
    "ord_pris": null,
    "jfr_pris": null,
    "image": "https://image-transformer-api.tjek.com/?u=s3%3A%2F%2Fsgn-prd-assets%2Fuploads%2FcJFSRU22%2Fp-12.webp&w=300&x1r=0.0408&x2r=0.3295&y1r=0.0159&y2r=0.325&s=35c57d623236b5260f31b8ebcb92920f"
  },
  {
    "store": "ICA Maxi",
    "name": "SCHAMPO, BALSAM",
    "price": "34:-",
    "unit": null,
    "description": "2x250 ml • 68 kr/l",
    "ord_pris": null,
    "jfr_pris": null,
    "image": "https://image-transformer-api.tjek.com/?u=s3%3A%2F%2Fsgn-prd-assets%2Fuploads%2FcJFSRU22%2Fp-9.webp&w=300&x1r=0.6589&x2r=0.9486&y1r=0.6524&y2r=0.9622&s=b2985597f85fc0b9551bb8b9499fbabc"
  },
  {
    "store": "ICA Maxi",
    "name": "DUSCHCREME",
    "price": "34:-",
    "unit": null,
    "description": "2x250 ml • 68 kr/l",
    "ord_pris": null,
    "jfr_pris": null,
    "image": "https://image-transformer-api.tjek.com/?u=s3%3A%2F%2Fsgn-prd-assets%2Fuploads%2FcJFSRU22%2Fp-9.webp&w=300&x1r=0.3599&x2r=0.6373&y1r=0.6506&y2r=0.9657&s=afd62d8ac31dac6e5afc8393c4a88a8a"
  },
  {
    "store": "ICA Kvantum",
    "name": "Gul lök i nät",
    "price": "8:-",
    "unit": null,
    "description": "1 kg • 8 kr/kg",
    "ord_pris": null,
    "jfr_pris": "8",
    "image": "https://image-transformer-api.tjek.com/?u=s3%3A%2F%2Fsgn-prd-assets%2Fuploads%2FcilPWbIZ%2Fp-2.webp&w=300&x1r=0.0482&x2r=0.2921&y1r=0.1819&y2r=0.463&s=d95880a054836c0c78fcc181a742b5a0"
  },
  {
    "store": "ICA Kvantum",
    "name": "Lime",
    "price": "10:-",
    "unit": null,
    "description": "4x75-90 g • 33,33 kr/kg",
    "ord_pris": null,
    "jfr_pris": "33,33",
    "image": "https://image-transformer-api.tjek.com/?u=s3%3A%2F%2Fsgn-prd-assets%2Fuploads%2FcilPWbIZ%2Fp-2.webp&w=300&x1r=0.295&x2r=0.6714&y1r=0.5865&y2r=0.7355&s=3cbbf1ff101eeab4cb20dbf04736e1b0"
  },
  {
    "store": "ICA Kvantum",
    "name": "Champinjoner i ask",
    "price": "15:-",
    "unit": null,
    "description": "250 g • 60 kr/kg",
    "ord_pris": null,
    "jfr_pris": "60",
    "image": "https://image-transformer-api.tjek.com/?u=s3%3A%2F%2Fsgn-prd-assets%2Fuploads%2FcilPWbIZ%2Fp-2.webp&w=300&x1r=0.7344&x2r=0.9771&y1r=0.253&y2r=0.4623&s=8d14d515041d31edda4743357f669b0e"
  },
  {
    "store": "ICA Kvantum",
    "name": "Stjälkselleri i påse",
    "price": "15:-",
    "unit": null,
    "description": "400 g • 37,50 kr/kg",
    "ord_pris": null,
    "jfr_pris": "37,50",
    "image": "https://image-transformer-api.tjek.com/?u=s3%3A%2F%2Fsgn-prd-assets%2Fuploads%2FcilPWbIZ%2Fp-2.webp&w=300&x1r=0.2858&x2r=0.5018&y1r=0.1699&y2r=0.4619&s=cf50db652091aad019abe16c9106f676"
  },
  {
    "store": "ICA Kvantum",
    "name": "BASILIKA",
    "price": "16.95:-",
    "unit": null,
    "description": null,
    "ord_pris": null,
    "jfr_pris": null,
    "image": "https://image-transformer-api.tjek.com/?u=s3%3A%2F%2Fsgn-prd-assets%2Fuploads%2FfeMBTxoX%2Fp-8.webp&w=300&x1r=0.3599&x2r=0.6715&y1r=0.6233&y2r=0.7761&s=af353453fcef26fe941d8c320fe013ab"
  },
  {
    "store": "ICA Kvantum",
    "name": "KORIANDER",
    "price": "16.95:-",
    "unit": null,
    "description": null,
    "ord_pris": null,
    "jfr_pris": null,
    "image": "https://image-transformer-api.tjek.com/?u=s3%3A%2F%2Fsgn-prd-assets%2Fuploads%2FfeMBTxoX%2Fp-8.webp&w=300&x1r=0.6669&x2r=0.9834&y1r=0.6225&y2r=0.7768&s=be9c798b4445c5a6ab3d6f9d6eca40c0"
  },
  {
    "store": "ICA Kvantum",
    "name": "Plocksallat",
    "price": "16.95:-",
    "unit": null,
    "description": null,
    "ord_pris": null,
    "jfr_pris": null,
    "image": "https://image-transformer-api.tjek.com/?u=s3%3A%2F%2Fsgn-prd-assets%2Fuploads%2FfeMBTxoX%2Fp-8.webp&w=300&x1r=0.6683&x2r=0.9797&y1r=0.1593&y2r=0.3171&s=388df4b3d5cd4dfdbad579054cbaad79"
  },
  {
    "store": "ICA Kvantum",
    "name": "Ekologiska snackmorötter",
    "price": "20:-",
    "unit": null,
    "description": "2x200 g • 50 kr/kg",
    "ord_pris": null,
    "jfr_pris": "50",
    "image": "https://image-transformer-api.tjek.com/?u=s3%3A%2F%2Fsgn-prd-assets%2Fuploads%2FcilPWbIZ%2Fp-2.webp&w=300&x1r=0.738&x2r=0.9754&y1r=0.0526&y2r=0.2593&s=3d7a7572ff2f1639a2204e8c1b610472"
  },
  {
    "store": "ICA Kvantum",
    "name": "Clementiner Nadorcott",
    "price": "25:-",
    "unit": null,
    "description": "1 kg • 25 kr/kg",
    "ord_pris": null,
    "jfr_pris": "25",
    "image": "https://image-transformer-api.tjek.com/?u=s3%3A%2F%2Fsgn-prd-assets%2Fuploads%2FcilPWbIZ%2Fp-2.webp&w=300&x1r=0.2742&x2r=0.6738&y1r=0.4593&y2r=0.6132&s=fa7607eca9243699e0db5111110887ab"
  },
  {
    "store": "ICA Kvantum",
    "name": "Finbladiga sallater i påse",
    "price": "25:-",
    "unit": null,
    "description": "2x65 g • 192,31 kr/kg",
    "ord_pris": null,
    "jfr_pris": "192,31",
    "image": "https://image-transformer-api.tjek.com/?u=s3%3A%2F%2Fsgn-prd-assets%2Fuploads%2FcilPWbIZ%2Fp-2.webp&w=300&x1r=0.4851&x2r=0.7528&y1r=0.239&y2r=0.4607&s=beab5b2e05ba36f76401c05b7deb9b12"
  },
  {
    "store": "ICA Kvantum",
    "name": "Färsk kycklinglårfilé",
    "price": "109:-",
    "unit": null,
    "description": "1 kg • 109 kr/kg",
    "ord_pris": null,
    "jfr_pris": "109",
    "image": "https://image-transformer-api.tjek.com/?u=s3%3A%2F%2Fsgn-prd-assets%2Fuploads%2FcilPWbIZ%2Fp-1.webp&w=300&x1r=0.3482&x2r=0.9409&y1r=0.5039&y2r=0.701&s=482d505b4273501f06e0dfa4ed340406"
  },
  {
    "store": "ICA Kvantum",
    "name": "RÖKT LANTSKINKA",
    "price": "16.95:-",
    "unit": null,
    "description": "120 g • 141,25 kr/kg",
    "ord_pris": null,
    "jfr_pris": "141,25",
    "image": "https://image-transformer-api.tjek.com/?u=s3%3A%2F%2Fsgn-prd-assets%2Fuploads%2FfeMBTxoX%2Fp-1.webp&w=300&x1r=0.0182&x2r=0.6394&y1r=0.4432&y2r=0.6761&s=e8d64739e3061abcbc960f3fbc545b4d"
  },
  {
    "store": "ICA Kvantum",
    "name": "Skagenröra",
    "price": "19:-",
    "unit": null,
    "description": null,
    "ord_pris": null,
    "jfr_pris": null,
    "image": "https://image-transformer-api.tjek.com/?u=s3%3A%2F%2Fsgn-prd-assets%2Fuploads%2FcilPWbIZ%2Fp-3.webp&w=300&x1r=0.0359&x2r=0.3316&y1r=0.3213&y2r=0.6452&s=91d2ef9ab3f86f7016e4174c3c35975f"
  },
  {
    "store": "ICA Kvantum",
    "name": "Smörgåsmat",
    "price": "20:-",
    "unit": null,
    "description": "90-160 g • 222,22 kr/kg",
    "ord_pris": null,
    "jfr_pris": "222,22",
    "image": "https://image-transformer-api.tjek.com/?u=s3%3A%2F%2Fsgn-prd-assets%2Fuploads%2FcilPWbIZ%2Fp-1.webp&w=300&x1r=0.3299&x2r=0.644&y1r=0.2228&y2r=0.5015&s=af4d36e238e0bcd3ae576a5d590be298"
  },
  {
    "store": "ICA Kvantum",
    "name": "Tex-Mex Skinka",
    "price": "20:-",
    "unit": null,
    "description": "100 g • 200 kr/kg",
    "ord_pris": null,
    "jfr_pris": "200",
    "image": "https://image-transformer-api.tjek.com/?u=s3%3A%2F%2Fsgn-prd-assets%2Fuploads%2FpnOu4Es4%2Fp-8.webp&w=300&x1r=0.0592&x2r=0.3758&y1r=0.3968&y2r=0.6047&s=730a7f8d3ed9ff685102be4699caf467"
  },
  {
    "store": "ICA Kvantum",
    "name": "Laxburgare",
    "price": "25:-",
    "unit": null,
    "description": null,
    "ord_pris": null,
    "jfr_pris": null,
    "image": "https://image-transformer-api.tjek.com/?u=s3%3A%2F%2Fsgn-prd-assets%2Fuploads%2Fnr4kXyNJ%2Fp-5.webp&w=300&x1r=0.6562&x2r=0.9562&y1r=0.0392&y2r=0.3425&s=de16ddb021a182429135a8c204bb8a60"
  },
  {
    "store": "ICA Kvantum",
    "name": "Bacon",
    "price": "29:-",
    "unit": null,
    "description": "2x100-125 g • 145 kr/kg",
    "ord_pris": null,
    "jfr_pris": "145",
    "image": "https://image-transformer-api.tjek.com/?u=s3%3A%2F%2Fsgn-prd-assets%2Fuploads%2FcilPWbIZ%2Fp-4.webp&w=300&x1r=0.6694&x2r=0.9679&y1r=0.4127&y2r=0.5818&s=33deb87123516234c6b4ef41a6793c0f"
  },
  {
    "store": "ICA Kvantum",
    "name": "Middagskorv vego",
    "price": "29:-",
    "unit": null,
    "description": "300 g • 96,67 kr/kg",
    "ord_pris": null,
    "jfr_pris": "96,67",
    "image": "https://image-transformer-api.tjek.com/?u=s3%3A%2F%2Fsgn-prd-assets%2Fuploads%2FcilPWbIZ%2Fp-5.webp&w=300&x1r=0.7385&x2r=0.9386&y1r=0.7448&y2r=0.937&s=346045b7a348150908de4728d2f87724"
  },
  {
    "store": "ICA Kvantum",
    "name": "GRILLKORV STOCKHOLMARE",
    "price": "34.95:-",
    "unit": null,
    "description": "240 g • 145,63 kr/kg",
    "ord_pris": null,
    "jfr_pris": "145,63",
    "image": "https://image-transformer-api.tjek.com/?u=s3%3A%2F%2Fsgn-prd-assets%2Fuploads%2FfeMBTxoX%2Fp-8.webp&w=300&x1r=0.0517&x2r=0.3675&y1r=0.1605&y2r=0.3225&s=a2aab17afb06b2b62efe1aa07699cce2"
  },
  {
    "store": "ICA Kvantum",
    "name": "Basturökt skinka",
    "price": "35:-",
    "unit": null,
    "description": "2x100 g • 175,00 kr/kg",
    "ord_pris": null,
    "jfr_pris": "175,00",
    "image": "https://image-transformer-api.tjek.com/?u=s3%3A%2F%2Fsgn-prd-assets%2Fuploads%2Fnr4kXyNJ%2Fp-1.webp&w=300&x1r=0.0198&x2r=0.3674&y1r=0.539&y2r=0.9156&s=4a65649f75cc36227d1b2d9f05fe9140"
  },
  {
    "store": "ICA Kvantum",
    "name": "Crème fraiche",
    "price": "12:-",
    "unit": null,
    "description": null,
    "ord_pris": null,
    "jfr_pris": null,
    "image": "https://image-transformer-api.tjek.com/?u=s3%3A%2F%2Fsgn-prd-assets%2Fuploads%2FcilPWbIZ%2Fp-8.webp&w=300&x1r=0.0607&x2r=0.366&y1r=0.5177&y2r=0.7929&s=2c27ffb118bebb4773e99285951e35ec"
  },
  {
    "store": "ICA Kvantum",
    "name": "ÄGG FRIGÅENDE",
    "price": "24.95:-",
    "unit": null,
    "description": null,
    "ord_pris": null,
    "jfr_pris": null,
    "image": "https://image-transformer-api.tjek.com/?u=s3%3A%2F%2Fsgn-prd-assets%2Fuploads%2FfeMBTxoX%2Fp-1.webp&w=300&x1r=0.0371&x2r=0.6483&y1r=0.1667&y2r=0.3505&s=7a14845ef9e1b6f958905d8d01f791d4"
  },
  {
    "store": "ICA Kvantum",
    "name": "Yoghurt",
    "price": "10:-",
    "unit": null,
    "description": "250 g • 40 kr/kg",
    "ord_pris": null,
    "jfr_pris": "40",
    "image": "https://image-transformer-api.tjek.com/?u=s3%3A%2F%2Fsgn-prd-assets%2Fuploads%2Fnr4kXyNJ%2Fp-1.webp&w=300&x1r=0.6781&x2r=0.9535&y1r=0.5248&y2r=0.9183&s=301708d67126b15ab1ffc19fec9eba04"
  },
  {
    "store": "ICA Kvantum",
    "name": "Norrländsk grillost",
    "price": "20:-",
    "unit": null,
    "description": "200 g • 100 kr/kg",
    "ord_pris": null,
    "jfr_pris": "100",
    "image": "https://image-transformer-api.tjek.com/?u=s3%3A%2F%2Fsgn-prd-assets%2Fuploads%2FcilPWbIZ%2Fp-5.webp&w=300&x1r=0.0157&x2r=0.26&y1r=0.4846&y2r=0.7417&s=1ef9ff63524a2809823dcb1d09f47c7b"
  },
  {
    "store": "ICA Kvantum",
    "name": "Lättyoghurt vanilj",
    "price": "35:-",
    "unit": null,
    "description": "2x1 kg • 17,50 kr/kg",
    "ord_pris": null,
    "jfr_pris": "17,50",
    "image": "https://image-transformer-api.tjek.com/?u=s3%3A%2F%2Fsgn-prd-assets%2Fuploads%2FcilPWbIZ%2Fp-6.webp&w=300&x1r=0.2912&x2r=0.5073&y1r=0.5125&y2r=0.7605&s=5d1d007933a5a15d2d747e2fe5466b59"
  },
  {
    "store": "ICA Kvantum",
    "name": "Milkshake, Pudding",
    "price": "35:-",
    "unit": null,
    "description": null,
    "ord_pris": null,
    "jfr_pris": null,
    "image": "https://image-transformer-api.tjek.com/?u=s3%3A%2F%2Fsgn-prd-assets%2Fuploads%2FcilPWbIZ%2Fp-3.webp&w=300&x1r=0.262&x2r=0.5043&y1r=0.6371&y2r=0.9415&s=ced6c499cab0719f4b5380130ee8fdb8"
  },
  {
    "store": "ICA Kvantum",
    "name": "Grana Padano",
    "price": "44.90:-",
    "unit": null,
    "description": "200 g • 224,50 kr/kg",
    "ord_pris": null,
    "jfr_pris": "224,50",
    "image": "https://image-transformer-api.tjek.com/?u=s3%3A%2F%2Fsgn-prd-assets%2Fuploads%2Fd8TUJ5gx%2Fp-1.webp&w=300&x1r=0.6402&x2r=0.9505&y1r=0.1994&y2r=0.5005&s=e40dbe7d5d75a1f0c0edf1182d442bb4"
  },
  {
    "store": "ICA Kvantum",
    "name": "HERRGÅRD,GREVÉ, PRÄST",
    "price": "75:-",
    "unit": null,
    "description": "670 g • 111,94 kr/kg",
    "ord_pris": null,
    "jfr_pris": "111,94",
    "image": "https://image-transformer-api.tjek.com/?u=s3%3A%2F%2Fsgn-prd-assets%2Fuploads%2FfeMBTxoX%2Fp-1.webp&w=300&x1r=0.0212&x2r=0.6439&y1r=0.6837&y2r=0.914&s=841f42b1940ce2b5ce0a8f70bb223c56"
  },
  {
    "store": "ICA Kvantum",
    "name": "Präst®, Herrgård®, Grevé®, Rike",
    "price": "75:-",
    "unit": null,
    "description": "670 g • 111,94 kr/kg",
    "ord_pris": null,
    "jfr_pris": "111,94",
    "image": "https://image-transformer-api.tjek.com/?u=s3%3A%2F%2Fsgn-prd-assets%2Fuploads%2FcilPWbIZ%2Fp-6.webp&w=300&x1r=0.0667&x2r=0.5439&y1r=0.2881&y2r=0.5222&s=5728e1d383a8dd65dc2704d10e3480fc"
  },
  {
    "store": "ICA Kvantum",
    "name": "Pizzakit",
    "price": "20:-",
    "unit": null,
    "description": null,
    "ord_pris": null,
    "jfr_pris": null,
    "image": "https://image-transformer-api.tjek.com/?u=s3%3A%2F%2Fsgn-prd-assets%2Fuploads%2FcilPWbIZ%2Fp-1.webp&w=300&x1r=0.6286&x2r=0.9893&y1r=0.2502&y2r=0.4985&s=7fc69deed94acb292eed471c5060c721"
  },
  {
    "store": "ICA Kvantum",
    "name": "Kökets pajer",
    "price": "49.95:-",
    "unit": null,
    "description": "280 g • 178,39 kr/kg",
    "ord_pris": null,
    "jfr_pris": "178,39",
    "image": "https://image-transformer-api.tjek.com/?u=s3%3A%2F%2Fsgn-prd-assets%2Fuploads%2FpnOu4Es4%2Fp-8.webp&w=300&x1r=0.3629&x2r=0.6521&y1r=0.3939&y2r=0.607&s=4fb83e80c41ae91ff7d741d4e145a24c"
  },
  {
    "store": "ICA Kvantum",
    "name": "Frysta potatisprodukter",
    "price": "50:-",
    "unit": null,
    "description": null,
    "ord_pris": null,
    "jfr_pris": null,
    "image": "https://image-transformer-api.tjek.com/?u=s3%3A%2F%2Fsgn-prd-assets%2Fuploads%2FcilPWbIZ%2Fp-3.webp&w=300&x1r=0.65&x2r=0.9345&y1r=0.2711&y2r=0.6507&s=32601b9dae28661f5e1dccb96265c6ae"
  },
  {
    "store": "ICA Kvantum",
    "name": "Frysta grönsaker",
    "price": "59:-",
    "unit": null,
    "description": "3x450-600 g • 43,70 kr/kg",
    "ord_pris": null,
    "jfr_pris": "43,70",
    "image": "https://image-transformer-api.tjek.com/?u=s3%3A%2F%2Fsgn-prd-assets%2Fuploads%2FcilPWbIZ%2Fp-5.webp&w=300&x1r=0.0133&x2r=0.2511&y1r=0.7442&y2r=0.9341&s=957d6e2b7d0a560f01d97240f326f26e"
  },
  {
    "store": "ICA Kvantum",
    "name": "Pizza Rustica",
    "price": "90:-",
    "unit": null,
    "description": "2x540-610 g • 83,33 kr/kg",
    "ord_pris": null,
    "jfr_pris": "83,33",
    "image": "https://image-transformer-api.tjek.com/?u=s3%3A%2F%2Fsgn-prd-assets%2Fuploads%2FcilPWbIZ%2Fp-5.webp&w=300&x1r=0.389&x2r=0.595&y1r=0.742&y2r=0.9376&s=dbfae5f3430dbf118b573738494f9aaa"
  },
  {
    "store": "ICA Kvantum",
    "name": "Laxfilé",
    "price": "149:-",
    "unit": null,
    "description": "2x400 g • 186,25 kr/kg",
    "ord_pris": null,
    "jfr_pris": "186,25",
    "image": "https://image-transformer-api.tjek.com/?u=s3%3A%2F%2Fsgn-prd-assets%2Fuploads%2Fd8TUJ5gx%2Fp-1.webp&w=300&x1r=0.3442&x2r=0.6521&y1r=0.195&y2r=0.4975&s=26cdf407ef15dede801746d72a757af6"
  },
  {
    "store": "ICA Kvantum",
    "name": "Tacosås, Tortillabröd, Tacokrydda",
    "price": "50:-",
    "unit": null,
    "description": "5x25-230 g • 400 kr/kg",
    "ord_pris": null,
    "jfr_pris": "400",
    "image": "https://image-transformer-api.tjek.com/?u=s3%3A%2F%2Fsgn-prd-assets%2Fuploads%2FcilPWbIZ%2Fp-4.webp&w=300&x1r=0.3553&x2r=0.6489&y1r=0.5604&y2r=0.7505&s=4f591c62dc0b7de9e041610a24bf30b6"
  },
  {
    "store": "ICA Kvantum",
    "name": "EKOLOGISKA HAVREGRYN",
    "price": "19.95:-",
    "unit": null,
    "description": "650 g • 30,69 kr/kg",
    "ord_pris": null,
    "jfr_pris": "30,69",
    "image": "https://image-transformer-api.tjek.com/?u=s3%3A%2F%2Fsgn-prd-assets%2Fuploads%2FfeMBTxoX%2Fp-8.webp&w=300&x1r=0.6706&x2r=0.9813&y1r=0.4706&y2r=0.6225&s=a8dff0114f8a2ee6805ffd33cee6eeae"
  },
  {
    "store": "ICA Kvantum",
    "name": "Kyld sås",
    "price": "20:-",
    "unit": null,
    "description": "250 ml • 80 kr/l",
    "ord_pris": null,
    "jfr_pris": null,
    "image": "https://image-transformer-api.tjek.com/?u=s3%3A%2F%2Fsgn-prd-assets%2Fuploads%2FcilPWbIZ%2Fp-5.webp&w=300&x1r=0.4978&x2r=0.7202&y1r=0.5409&y2r=0.736&s=da610fee73c4b6c5bc83d814aa6b2a8c"
  },
  {
    "store": "ICA Kvantum",
    "name": "Tofu naturell",
    "price": "20:-",
    "unit": null,
    "description": "400 g • 50 kr/kg",
    "ord_pris": null,
    "jfr_pris": "50",
    "image": "https://image-transformer-api.tjek.com/?u=s3%3A%2F%2Fsgn-prd-assets%2Fuploads%2FcilPWbIZ%2Fp-4.webp&w=300&x1r=0.0623&x2r=0.3522&y1r=0.4226&y2r=0.5748&s=164f00861de8597c62b20cf5a6b23eb3"
  },
  {
    "store": "ICA Kvantum",
    "name": "Grönsakskonserver",
    "price": "25:-",
    "unit": null,
    "description": null,
    "ord_pris": null,
    "jfr_pris": null,
    "image": "https://image-transformer-api.tjek.com/?u=s3%3A%2F%2Fsgn-prd-assets%2Fuploads%2FcilPWbIZ%2Fp-8.webp&w=300&x1r=0.0738&x2r=0.9609&y1r=0.2524&y2r=0.5024&s=99fac69156b1702657b090c73ae42d6c"
  },
  {
    "store": "ICA Kvantum",
    "name": "Tomatpuré",
    "price": "25:-",
    "unit": null,
    "description": null,
    "ord_pris": null,
    "jfr_pris": null,
    "image": "https://image-transformer-api.tjek.com/?u=s3%3A%2F%2Fsgn-prd-assets%2Fuploads%2FcilPWbIZ%2Fp-3.webp&w=300&x1r=0.4901&x2r=0.7139&y1r=0.6325&y2r=0.9409&s=78a0225f64425cbafbfa5f9f5f98f3a1"
  },
  {
    "store": "ICA Kvantum",
    "name": "Cookies",
    "price": "28:-",
    "unit": null,
    "description": "2x150-180 g • 93,33 kr/kg",
    "ord_pris": null,
    "jfr_pris": "93,33",
    "image": "https://image-transformer-api.tjek.com/?u=s3%3A%2F%2Fsgn-prd-assets%2Fuploads%2FcilPWbIZ%2Fp-6.webp&w=300&x1r=0.5312&x2r=0.9817&y1r=0.7703&y2r=0.9401&s=c5269f02764cd9bd736cdfed8445194f"
  },
  {
    "store": "ICA Kvantum",
    "name": "Färsk pasta",
    "price": "30:-",
    "unit": null,
    "description": "3x200-250 g • 50 kr/kg",
    "ord_pris": null,
    "jfr_pris": "50",
    "image": "https://image-transformer-api.tjek.com/?u=s3%3A%2F%2Fsgn-prd-assets%2Fuploads%2FcilPWbIZ%2Fp-5.webp&w=300&x1r=0.255&x2r=0.5095&y1r=0.4766&y2r=0.7386&s=6aa59bfbba5949fe813ec75dda718b1b"
  },
  {
    "store": "ICA Kvantum",
    "name": "Pasta",
    "price": "30:-",
    "unit": null,
    "description": "3x500 g • 20 kr/kg",
    "ord_pris": null,
    "jfr_pris": "20",
    "image": "https://image-transformer-api.tjek.com/?u=s3%3A%2F%2Fsgn-prd-assets%2Fuploads%2FcilPWbIZ%2Fp-5.webp&w=300&x1r=0.4934&x2r=0.9401&y1r=0.3473&y2r=0.548&s=c01b6ac62f0bdcb8201d023f33d6345e"
  },
  {
    "store": "ICA Kvantum",
    "name": "Vetemjöl",
    "price": "30:-",
    "unit": null,
    "description": null,
    "ord_pris": null,
    "jfr_pris": null,
    "image": "https://image-transformer-api.tjek.com/?u=s3%3A%2F%2Fsgn-prd-assets%2Fuploads%2FcilPWbIZ%2Fp-3.webp&w=300&x1r=0.3157&x2r=0.6599&y1r=0.2891&y2r=0.6458&s=47a9e1e24644280f9de4e6601c8e9715"
  },
  {
    "store": "ICA Kvantum",
    "name": "Havredryck Naturell",
    "price": "12:-",
    "unit": null,
    "description": null,
    "ord_pris": null,
    "jfr_pris": null,
    "image": "https://image-transformer-api.tjek.com/?u=s3%3A%2F%2Fsgn-prd-assets%2Fuploads%2FcilPWbIZ%2Fp-8.webp&w=300&x1r=0.6732&x2r=0.9568&y1r=0.4823&y2r=0.7965&s=fa77504ab0eafe18f24aee10f8b97515"
  },
  {
    "store": "ICA Kvantum",
    "name": "Juice",
    "price": "39:-",
    "unit": null,
    "description": "1.75-2 l • 22,29 kr/l",
    "ord_pris": null,
    "jfr_pris": null,
    "image": "https://image-transformer-api.tjek.com/?u=s3%3A%2F%2Fsgn-prd-assets%2Fuploads%2FcilPWbIZ%2Fp-6.webp&w=300&x1r=0.7542&x2r=0.9737&y1r=0.5099&y2r=0.7652&s=223eb671f3604282bad3d4ff232b3024"
  },
  {
    "store": "ICA Kvantum",
    "name": "Saft",
    "price": "50:-",
    "unit": null,
    "description": null,
    "ord_pris": null,
    "jfr_pris": null,
    "image": "https://image-transformer-api.tjek.com/?u=s3%3A%2F%2Fsgn-prd-assets%2Fuploads%2FcilPWbIZ%2Fp-8.webp&w=300&x1r=0.3759&x2r=0.659&y1r=0.4832&y2r=0.7968&s=d0a5444a74e4eec802435e894995c1e8"
  },
  {
    "store": "ICA Kvantum",
    "name": "Wienerbröd vanilj",
    "price": "5:-",
    "unit": null,
    "description": "80 g • 62,50 kr/kg",
    "ord_pris": null,
    "jfr_pris": "62,50",
    "image": "https://image-transformer-api.tjek.com/?u=s3%3A%2F%2Fsgn-prd-assets%2Fuploads%2FpnOu4Es4%2Fp-8.webp&w=300&x1r=0.6316&x2r=0.9544&y1r=0.3707&y2r=0.6068&s=87d30cd7c7d75df9f8fcadc3a6e3cd5e"
  },
  {
    "store": "ICA Kvantum",
    "name": "Lingonbröd",
    "price": "15:-",
    "unit": null,
    "description": "500 g • 30 kr/kg",
    "ord_pris": null,
    "jfr_pris": "30",
    "image": "https://image-transformer-api.tjek.com/?u=s3%3A%2F%2Fsgn-prd-assets%2Fuploads%2FcilPWbIZ%2Fp-1.webp&w=300&x1r=0.3352&x2r=0.6497&y1r=0.6914&y2r=0.9473&s=c702008cc3503dd97359a905d2d3a8b6"
  },
  {
    "store": "ICA Kvantum",
    "name": "Tunt Knäckebröd",
    "price": "25:-",
    "unit": null,
    "description": "2x250 g • 50 kr/kg",
    "ord_pris": null,
    "jfr_pris": "50",
    "image": "https://image-transformer-api.tjek.com/?u=s3%3A%2F%2Fsgn-prd-assets%2Fuploads%2FcilPWbIZ%2Fp-6.webp&w=300&x1r=0.5239&x2r=0.9735&y1r=0.0632&y2r=0.3189&s=d8842cd67ac42effd833cb2c1ffe2a40"
  },
  {
    "store": "ICA Kvantum",
    "name": "SVENSKA LANTCHIPS",
    "price": "19.95:-",
    "unit": null,
    "description": "200 g • 99,75 kr/kg",
    "ord_pris": null,
    "jfr_pris": "99,75",
    "image": "https://image-transformer-api.tjek.com/?u=s3%3A%2F%2Fsgn-prd-assets%2Fuploads%2FfeMBTxoX%2Fp-8.webp&w=300&x1r=0.3636&x2r=0.6694&y1r=0.1625&y2r=0.317&s=4c0ced59f3de00717ae4f184f4646e14"
  },
  {
    "store": "ICA Kvantum",
    "name": "Småkakor",
    "price": "30:-",
    "unit": null,
    "description": "2x300 g • 50 kr/kg",
    "ord_pris": null,
    "jfr_pris": "50",
    "image": "https://image-transformer-api.tjek.com/?u=s3%3A%2F%2Fsgn-prd-assets%2Fuploads%2FcilPWbIZ%2Fp-6.webp&w=300&x1r=0.0496&x2r=0.527&y1r=0.7651&y2r=0.9374&s=a443385ec802f2851923451311ce3d5c"
  },
  {
    "store": "ICA Kvantum",
    "name": "Flytande tvål",
    "price": "28:-",
    "unit": null,
    "description": "2x300 ml • 46,67 kr/l",
    "ord_pris": null,
    "jfr_pris": null,
    "image": "https://image-transformer-api.tjek.com/?u=s3%3A%2F%2Fsgn-prd-assets%2Fuploads%2FcilPWbIZ%2Fp-7.webp&w=300&x1r=0.3283&x2r=0.6482&y1r=0.2045&y2r=0.5237&s=633a660756793304e502be3a4596d769"
  },
  {
    "store": "ICA Kvantum",
    "name": "Smörkniv",
    "price": "20:-",
    "unit": null,
    "description": null,
    "ord_pris": null,
    "jfr_pris": null,
    "image": "https://image-transformer-api.tjek.com/?u=s3%3A%2F%2Fsgn-prd-assets%2Fuploads%2FcilPWbIZ%2Fp-7.webp&w=300&x1r=0.0336&x2r=0.3189&y1r=0.0564&y2r=0.3182&s=f8c9dc82cd1f9a1129b1964321ecec72"
  },
  {
    "store": "ICA Kvantum",
    "name": "Handdiskmedel",
    "price": "25:-",
    "unit": null,
    "description": "2x400 ml • 31,25 kr/l",
    "ord_pris": null,
    "jfr_pris": null,
    "image": "https://image-transformer-api.tjek.com/?u=s3%3A%2F%2Fsgn-prd-assets%2Fuploads%2FcilPWbIZ%2Fp-7.webp&w=300&x1r=0.6396&x2r=0.957&y1r=0.1736&y2r=0.5278&s=b8cd7aa9a12f00cd93f429dba297a32c"
  },
  {
    "store": "ICA Kvantum",
    "name": "Rengöringsspray",
    "price": "35:-",
    "unit": null,
    "description": "2x750 ml • 23,33 kr/l",
    "ord_pris": null,
    "jfr_pris": null,
    "image": "https://image-transformer-api.tjek.com/?u=s3%3A%2F%2Fsgn-prd-assets%2Fuploads%2FcilPWbIZ%2Fp-7.webp&w=300&x1r=0.2987&x2r=0.6648&y1r=0.525&y2r=0.9393&s=50224f5dec7fed289961988e999fb7ae"
  },
  {
    "store": "ICA Kvantum",
    "name": "Blockljus 15cm",
    "price": "40:-",
    "unit": null,
    "description": null,
    "ord_pris": null,
    "jfr_pris": null,
    "image": "https://image-transformer-api.tjek.com/?u=s3%3A%2F%2Fsgn-prd-assets%2Fuploads%2FcilPWbIZ%2Fp-7.webp&w=300&x1r=0.6536&x2r=0.9512&y1r=0.5353&y2r=0.949&s=a4036def6cb723a3cf8d0f2c699faea9"
  },
  {
    "store": "ICA Kvantum",
    "name": "Påsklämmor",
    "price": "40:-",
    "unit": null,
    "description": null,
    "ord_pris": null,
    "jfr_pris": null,
    "image": "https://image-transformer-api.tjek.com/?u=s3%3A%2F%2Fsgn-prd-assets%2Fuploads%2FcilPWbIZ%2Fp-7.webp&w=300&x1r=0.0284&x2r=0.3241&y1r=0.2871&y2r=0.519&s=68a3d8602cc0efdf374e58db3ce88c70"
  },
  {
    "store": "ICA Kvantum",
    "name": "Tulpaner 7-pack",
    "price": "49:-",
    "unit": null,
    "description": null,
    "ord_pris": null,
    "jfr_pris": null,
    "image": "https://image-transformer-api.tjek.com/?u=s3%3A%2F%2Fsgn-prd-assets%2Fuploads%2FcilPWbIZ%2Fp-2.webp&w=300&x1r=0.6937&x2r=0.9942&y1r=0.733&y2r=0.9374&s=6119a00964f31647d2315f3b3e11baed"
  },
  {
    "store": "ICA Kvantum",
    "name": "Hortensia",
    "price": "99:-",
    "unit": null,
    "description": null,
    "ord_pris": null,
    "jfr_pris": null,
    "image": "https://image-transformer-api.tjek.com/?u=s3%3A%2F%2Fsgn-prd-assets%2Fuploads%2FcilPWbIZ%2Fp-2.webp&w=300&x1r=0.0611&x2r=0.721&y1r=0.7361&y2r=0.9404&s=b95e055170ae5f2b0801dcfcf582031d"
  },
  {
    "store": "ICA Kvantum",
    "name": "Deo roll on",
    "price": "45:-",
    "unit": null,
    "description": "2x50 ml • 450 kr/l",
    "ord_pris": null,
    "jfr_pris": null,
    "image": "https://image-transformer-api.tjek.com/?u=s3%3A%2F%2Fsgn-prd-assets%2Fuploads%2FcilPWbIZ%2Fp-7.webp&w=300&x1r=0.0182&x2r=0.3223&y1r=0.5403&y2r=0.9462&s=35a5a1e3ef97031e7887d2d0e4b86202"
  },
  {
    "store": "Stora Coop",
    "name": "Palsternacka",
    "price": "9:-",
    "unit": null,
    "description": "500 g • 18 kr/kg",
    "ord_pris": null,
    "jfr_pris": "18",
    "image": "https://image-transformer-api.tjek.com/?u=s3%3A%2F%2Fsgn-prd-assets%2Fuploads%2Fss8eM4ao%2Fp-3.webp&w=300&x1r=0.651&x2r=0.9501&y1r=0.4734&y2r=0.8501&s=c3bc64e2b6e2da3b3ebd0d0c9e5b3873"
  },
  {
    "store": "Stora Coop",
    "name": "Apelsiner i nät",
    "price": "17:-",
    "unit": null,
    "description": null,
    "ord_pris": null,
    "jfr_pris": null,
    "image": "https://image-transformer-api.tjek.com/?u=s3%3A%2F%2Fsgn-prd-assets%2Fuploads%2Fss8eM4ao%2Fp-1.webp&w=300&x1r=0.0465&x2r=0.2395&y1r=0.5149&y2r=0.7389&s=51e3863d671068d234f516b1e3ae3a1e"
  },
  {
    "store": "Stora Coop",
    "name": "Delikatesspotatis",
    "price": "35:-",
    "unit": null,
    "description": "2x900 g • 19,44 kr/kg",
    "ord_pris": null,
    "jfr_pris": "19,44",
    "image": "https://image-transformer-api.tjek.com/?u=s3%3A%2F%2Fsgn-prd-assets%2Fuploads%2Fss8eM4ao%2Fp-3.webp&w=300&x1r=0.3342&x2r=0.6815&y1r=0.485&y2r=0.882&s=4af7a71d13cab7279ebd9f606075038a"
  },
  {
    "store": "Stora Coop",
    "name": "Ekologiska morötter",
    "price": "15:-",
    "unit": null,
    "description": "1000 g • 15 kr/kg",
    "ord_pris": null,
    "jfr_pris": "15",
    "image": "https://image-transformer-api.tjek.com/?u=s3%3A%2F%2Fsgn-prd-assets%2Fuploads%2Fss8eM4ao%2Fp-3.webp&w=300&x1r=0.0606&x2r=0.6434&y1r=0.0354&y2r=0.4187&s=b8aac25f86e407ca61bb71677c3d2aad"
  },
  {
    "store": "Stora Coop",
    "name": "Rödlök",
    "price": "15:-",
    "unit": null,
    "description": "1000 g • 15 kr/kg",
    "ord_pris": null,
    "jfr_pris": "15",
    "image": "https://image-transformer-api.tjek.com/?u=s3%3A%2F%2Fsgn-prd-assets%2Fuploads%2Fss8eM4ao%2Fp-3.webp&w=300&x1r=0.6&x2r=0.9551&y1r=0.0994&y2r=0.4196&s=ac0a38ac99bcb5d66dbcb58f5cd9d336"
  },
  {
    "store": "Stora Coop",
    "name": "Snackpaprika",
    "price": "40:-",
    "unit": null,
    "description": "2x200 g • 100 kr/kg",
    "ord_pris": null,
    "jfr_pris": "100",
    "image": "https://image-transformer-api.tjek.com/?u=s3%3A%2F%2Fsgn-prd-assets%2Fuploads%2Fss8eM4ao%2Fp-3.webp&w=300&x1r=0.0491&x2r=0.4005&y1r=0.4511&y2r=0.88&s=64ef33d0ffca94f96b1db92e2dec7998"
  },
  {
    "store": "Stora Coop",
    "name": "Färsk färs",
    "price": "39.90:-",
    "unit": null,
    "description": "400 g • 99,75 kr/kg",
    "ord_pris": null,
    "jfr_pris": "99,75",
    "image": "https://image-transformer-api.tjek.com/?u=s3%3A%2F%2Fsgn-prd-assets%2Fuploads%2Fss8eM4ao%2Fp-2.webp&w=300&x1r=0.3447&x2r=0.6389&y1r=0.6897&y2r=0.8786&s=4d63282088939f8a24c4ef89ebf76189"
  },
  {
    "store": "Stora Coop",
    "name": "Färska Kycklingdelar",
    "price": "49.90:-",
    "unit": null,
    "description": "1 kg • 49,90 kr/kg",
    "ord_pris": null,
    "jfr_pris": "49,90",
    "image": "https://image-transformer-api.tjek.com/?u=s3%3A%2F%2Fsgn-prd-assets%2Fuploads%2Fss8eM4ao%2Fp-2.webp&w=300&x1r=0.0367&x2r=0.7589&y1r=0.0145&y2r=0.4162&s=3384345b3cdaa0337a383c2af06ee3dd"
  },
  {
    "store": "Stora Coop",
    "name": "Färsk fläskkarré",
    "price": "79:-",
    "unit": null,
    "description": "1 kg • 79 kr/kg",
    "ord_pris": null,
    "jfr_pris": "79",
    "image": "https://image-transformer-api.tjek.com/?u=s3%3A%2F%2Fsgn-prd-assets%2Fuploads%2Fss8eM4ao%2Fp-2.webp&w=300&x1r=0.3215&x2r=0.6167&y1r=0.4733&y2r=0.6938&s=b18c78d96119647e7305c49dfd709edf"
  },
  {
    "store": "Stora Coop",
    "name": "Kycklingfilé",
    "price": "179:-",
    "unit": null,
    "description": "2 kg • 89,50 kr/kg",
    "ord_pris": null,
    "jfr_pris": "89,50",
    "image": "https://image-transformer-api.tjek.com/?u=s3%3A%2F%2Fsgn-prd-assets%2Fuploads%2Fss8eM4ao%2Fp-6.webp&w=300&x1r=0.0911&x2r=0.5458&y1r=0.4414&y2r=0.7241&s=8b4ffbc6b6db1c010b3deadd000a9dbe"
  },
  {
    "store": "Stora Coop",
    "name": "Skivad biff",
    "price": "57.90:-",
    "unit": null,
    "description": "180 g • 321,67 kr/kg",
    "ord_pris": null,
    "jfr_pris": "321,67",
    "image": "https://image-transformer-api.tjek.com/?u=s3%3A%2F%2Fsgn-prd-assets%2Fuploads%2Fss8eM4ao%2Fp-2.webp&w=300&x1r=0.5759&x2r=0.9593&y1r=0.4725&y2r=0.6412&s=6fcafecdbf85a1008ee0b250dfed1147"
  },
  {
    "store": "Stora Coop",
    "name": "Falukorv",
    "price": "59:-",
    "unit": null,
    "description": null,
    "ord_pris": null,
    "jfr_pris": null,
    "image": "https://image-transformer-api.tjek.com/?u=s3%3A%2F%2Fsgn-prd-assets%2Fuploads%2Fss8eM4ao%2Fp-1.webp&w=300&x1r=0.0489&x2r=0.6516&y1r=0.1986&y2r=0.5206&s=b49afc4dc06541c56ee32dc51fdbd1c2"
  },
  {
    "store": "Stora Coop",
    "name": "Fläsklägg",
    "price": "49.90:-",
    "unit": null,
    "description": "1 kg • 49,90 kr/kg",
    "ord_pris": null,
    "jfr_pris": "49,90",
    "image": "https://image-transformer-api.tjek.com/?u=s3%3A%2F%2Fsgn-prd-assets%2Fuploads%2Fss8eM4ao%2Fp-2.webp&w=300&x1r=0.0479&x2r=0.339&y1r=0.4712&y2r=0.6925&s=0932a22c8cc56200fc74f01305715d22"
  },
  {
    "store": "Stora Coop",
    "name": "Grillkorv",
    "price": "27.90:-",
    "unit": null,
    "description": "270 g • 103,33 kr/kg",
    "ord_pris": null,
    "jfr_pris": "103,33",
    "image": "https://image-transformer-api.tjek.com/?u=s3%3A%2F%2Fsgn-prd-assets%2Fuploads%2Fss8eM4ao%2Fp-2.webp&w=300&x1r=0.6431&x2r=0.9711&y1r=0.6435&y2r=0.8797&s=2831dabb13bbe6bc365a7a5a7a2ab2b8"
  },
  {
    "store": "Stora Coop",
    "name": "Spareribs",
    "price": "56.90:-",
    "unit": null,
    "description": "500 g • 113,80 kr/kg",
    "ord_pris": null,
    "jfr_pris": "113,80",
    "image": "https://image-transformer-api.tjek.com/?u=s3%3A%2F%2Fsgn-prd-assets%2Fuploads%2Fss8eM4ao%2Fp-2.webp&w=300&x1r=0.7169&x2r=0.9726&y1r=0.0236&y2r=0.445&s=1c1eeeaa2a21175b01b41f5356bdef1a"
  },
  {
    "store": "Stora Coop",
    "name": "Bregott",
    "price": "65:-",
    "unit": null,
    "description": null,
    "ord_pris": null,
    "jfr_pris": null,
    "image": "https://image-transformer-api.tjek.com/?u=s3%3A%2F%2Fsgn-prd-assets%2Fuploads%2Fss8eM4ao%2Fp-1.webp&w=300&x1r=0.2217&x2r=0.4243&y1r=0.5169&y2r=0.736&s=b93ac93d659ea6b90c6a8a962325d631"
  },
  {
    "store": "Stora Coop",
    "name": "Grekisk/Turkisk yoghurt",
    "price": "33.90:-",
    "unit": null,
    "description": "1000 g • 33,90 kr/kg",
    "ord_pris": null,
    "jfr_pris": "33,90",
    "image": "https://image-transformer-api.tjek.com/?u=s3%3A%2F%2Fsgn-prd-assets%2Fuploads%2Fss8eM4ao%2Fp-5.webp&w=300&x1r=0.059&x2r=0.4481&y1r=0.3803&y2r=0.5442&s=b87e194878fa7c84b5dd428e86a532fc"
  },
  {
    "store": "Stora Coop",
    "name": "Lagrad ost",
    "price": "129:-",
    "unit": null,
    "description": "1 kg • 129 kr/kg",
    "ord_pris": null,
    "jfr_pris": "129",
    "image": "https://image-transformer-api.tjek.com/?u=s3%3A%2F%2Fsgn-prd-assets%2Fuploads%2Fss8eM4ao%2Fp-4.webp&w=300&x1r=0.0575&x2r=0.7267&y1r=0.0177&y2r=0.4353&s=9a39dac31a4fe68ae0342accf4f8e0cc"
  },
  {
    "store": "Stora Coop",
    "name": "Drickyoghurt/smoothie",
    "price": "30:-",
    "unit": null,
    "description": "2x350 ml • 42,86 kr/l",
    "ord_pris": null,
    "jfr_pris": null,
    "image": "https://image-transformer-api.tjek.com/?u=s3%3A%2F%2Fsgn-prd-assets%2Fuploads%2Fss8eM4ao%2Fp-4.webp&w=300&x1r=0.6986&x2r=0.967&y1r=0.0393&y2r=0.4232&s=640b70007224145909fd1c86fba37d67"
  },
  {
    "store": "Stora Coop",
    "name": "Smörgåspålägg",
    "price": "55:-",
    "unit": null,
    "description": null,
    "ord_pris": null,
    "jfr_pris": null,
    "image": "https://image-transformer-api.tjek.com/?u=s3%3A%2F%2Fsgn-prd-assets%2Fuploads%2Fss8eM4ao%2Fp-1.webp&w=300&x1r=0.3443&x2r=0.6577&y1r=0.7171&y2r=0.9245&s=36cfa52fcf35ba5519c72d8721b63655"
  },
  {
    "store": "Stora Coop",
    "name": "Räkor med skal",
    "price": "89:-",
    "unit": null,
    "description": "700 g • 127,14 kr/kg",
    "ord_pris": null,
    "jfr_pris": "127,14",
    "image": "https://image-transformer-api.tjek.com/?u=s3%3A%2F%2Fsgn-prd-assets%2Fuploads%2Fss8eM4ao%2Fp-6.webp&w=300&x1r=0.5453&x2r=0.902&y1r=0.4447&y2r=0.7334&s=eb7e4c0f12d8d553de09a8cc51c626a5"
  },
  {
    "store": "Stora Coop",
    "name": "Pommes",
    "price": "49:-",
    "unit": null,
    "description": null,
    "ord_pris": null,
    "jfr_pris": null,
    "image": "https://image-transformer-api.tjek.com/?u=s3%3A%2F%2Fsgn-prd-assets%2Fuploads%2Fss8eM4ao%2Fp-8.webp&w=300&x1r=0.328&x2r=0.6514&y1r=0.0891&y2r=0.3603&s=0ee4707ffb346ea60b6158e432e7a457"
  },
  {
    "store": "Stora Coop",
    "name": "Billys",
    "price": "99:-",
    "unit": null,
    "description": null,
    "ord_pris": null,
    "jfr_pris": null,
    "image": "https://image-transformer-api.tjek.com/?u=s3%3A%2F%2Fsgn-prd-assets%2Fuploads%2Fss8eM4ao%2Fp-8.webp&w=300&x1r=0.031&x2r=0.357&y1r=0.1863&y2r=0.4059&s=0564612ba69ff81058e381e640406647"
  },
  {
    "store": "Stora Coop",
    "name": "Kalkonfilé",
    "price": "169:-",
    "unit": null,
    "description": "1 kg • 169 kr/kg",
    "ord_pris": null,
    "jfr_pris": "169",
    "image": "https://image-transformer-api.tjek.com/?u=s3%3A%2F%2Fsgn-prd-assets%2Fuploads%2Fss8eM4ao%2Fp-6.webp&w=300&x1r=0.0871&x2r=0.8876&y1r=0.1275&y2r=0.4349&s=6b96dbd62ac3c9ba93bfc2b70c493c7d"
  },
  {
    "store": "Stora Coop",
    "name": "Vegetariskt protein",
    "price": "109:-",
    "unit": null,
    "description": null,
    "ord_pris": null,
    "jfr_pris": null,
    "image": "https://image-transformer-api.tjek.com/?u=s3%3A%2F%2Fsgn-prd-assets%2Fuploads%2Fss8eM4ao%2Fp-5.webp&w=300&x1r=0.3362&x2r=0.9949&y1r=0.0135&y2r=0.4061&s=06feaa22529b7bb141c80a7fb4fa9813"
  },
  {
    "store": "Stora Coop",
    "name": "Buljong",
    "price": "25:-",
    "unit": null,
    "description": "2x80 g • 156,25 kr/kg",
    "ord_pris": null,
    "jfr_pris": "156,25",
    "image": "https://image-transformer-api.tjek.com/?u=s3%3A%2F%2Fsgn-prd-assets%2Fuploads%2Fss8eM4ao%2Fp-5.webp&w=300&x1r=0.7025&x2r=0.9554&y1r=0.371&y2r=0.6424&s=3d383f89a400460472a0edb83d166bda"
  },
  {
    "store": "Stora Coop",
    "name": "Müsli/Granola",
    "price": "65:-",
    "unit": null,
    "description": "2x350-375 g • 92,86 kr/kg",
    "ord_pris": null,
    "jfr_pris": "92,86",
    "image": "https://image-transformer-api.tjek.com/?u=s3%3A%2F%2Fsgn-prd-assets%2Fuploads%2Fss8eM4ao%2Fp-4.webp&w=300&x1r=0.5721&x2r=0.9689&y1r=0.4798&y2r=0.7568&s=4875300bcfea8cbbf2add0626b5a6995"
  },
  {
    "store": "Stora Coop",
    "name": "Spaghetti",
    "price": "20:-",
    "unit": null,
    "description": "1000 g • 20 kr/kg",
    "ord_pris": null,
    "jfr_pris": "20",
    "image": "https://image-transformer-api.tjek.com/?u=s3%3A%2F%2Fsgn-prd-assets%2Fuploads%2Fss8eM4ao%2Fp-6.webp&w=300&x1r=0.1062&x2r=0.8576&y1r=0.7186&y2r=0.9028&s=a39883200af24fc953736e75e51ee62c"
  },
  {
    "store": "Stora Coop",
    "name": "Pasta",
    "price": "22:-",
    "unit": null,
    "description": "2x750 g • 14,67 kr/kg",
    "ord_pris": null,
    "jfr_pris": "14,67",
    "image": "https://image-transformer-api.tjek.com/?u=s3%3A%2F%2Fsgn-prd-assets%2Fuploads%2Fss8eM4ao%2Fp-1.webp&w=300&x1r=0.0433&x2r=0.3585&y1r=0.7279&y2r=0.9214&s=375b7e3500976842c708926e46e23355"
  },
  {
    "store": "Stora Coop",
    "name": "Dressing",
    "price": "35:-",
    "unit": null,
    "description": "2x230-240 g • 76,09 kr/kg",
    "ord_pris": null,
    "jfr_pris": "76,09",
    "image": "https://image-transformer-api.tjek.com/?u=s3%3A%2F%2Fsgn-prd-assets%2Fuploads%2Fss8eM4ao%2Fp-5.webp&w=300&x1r=0.0328&x2r=0.3439&y1r=0.0181&y2r=0.2224&s=c394a7dfbe38e2c34de2313db685cf8f"
  },
  {
    "store": "Stora Coop",
    "name": "Såser",
    "price": "49:-",
    "unit": null,
    "description": "2x200 ml • 122,50 kr/l",
    "ord_pris": null,
    "jfr_pris": null,
    "image": "https://image-transformer-api.tjek.com/?u=s3%3A%2F%2Fsgn-prd-assets%2Fuploads%2Fss8eM4ao%2Fp-5.webp&w=300&x1r=0.0449&x2r=0.3476&y1r=0.215&y2r=0.392&s=c345c10e010fc01739dcf296c0b6dbe4"
  },
  {
    "store": "Stora Coop",
    "name": "Te",
    "price": "65:-",
    "unit": null,
    "description": null,
    "ord_pris": null,
    "jfr_pris": null,
    "image": "https://image-transformer-api.tjek.com/?u=s3%3A%2F%2Fsgn-prd-assets%2Fuploads%2Fss8eM4ao%2Fp-4.webp&w=300&x1r=0.0427&x2r=0.5898&y1r=0.4761&y2r=0.6439&s=27e7393a10f3725b86ba2928db8ae43a"
  },
  {
    "store": "Stora Coop",
    "name": "Färsk pasta",
    "price": "79:-",
    "unit": null,
    "description": "2x250 g • 158 kr/kg",
    "ord_pris": null,
    "jfr_pris": "158",
    "image": "https://image-transformer-api.tjek.com/?u=s3%3A%2F%2Fsgn-prd-assets%2Fuploads%2Fss8eM4ao%2Fp-5.webp&w=300&x1r=0.0491&x2r=0.4512&y1r=0.5332&y2r=0.6909&s=67c1c3dfe3d2f58a37a6028fddbb2998"
  },
  {
    "store": "Stora Coop",
    "name": "Läsk",
    "price": "22:-",
    "unit": null,
    "description": null,
    "ord_pris": null,
    "jfr_pris": null,
    "image": "https://image-transformer-api.tjek.com/?u=s3%3A%2F%2Fsgn-prd-assets%2Fuploads%2Fss8eM4ao%2Fp-8.webp&w=300&x1r=0.0486&x2r=0.6448&y1r=0.5464&y2r=0.8022&s=36662bd7707f2fb48dcb2f77a4e473b6"
  },
  {
    "store": "Stora Coop",
    "name": "Hönö skärgårdskaka",
    "price": "25:-",
    "unit": null,
    "description": null,
    "ord_pris": null,
    "jfr_pris": null,
    "image": "https://image-transformer-api.tjek.com/?u=s3%3A%2F%2Fsgn-prd-assets%2Fuploads%2Fss8eM4ao%2Fp-1.webp&w=300&x1r=0.4172&x2r=0.6621&y1r=0.524&y2r=0.7208&s=8a4b668f89c0c15b89e47857f2e230eb"
  },
  {
    "store": "Stora Coop",
    "name": "Chokladhjärtan",
    "price": "99:-",
    "unit": null,
    "description": "2x165 g • 300 kr/kg",
    "ord_pris": null,
    "jfr_pris": "300",
    "image": "https://image-transformer-api.tjek.com/?u=s3%3A%2F%2Fsgn-prd-assets%2Fuploads%2Fss8eM4ao%2Fp-5.webp&w=300&x1r=0.3598&x2r=0.8375&y1r=0.7364&y2r=0.8852&s=690c16f06a99be143f08b19e40862b81"
  },
  {
    "store": "Stora Coop",
    "name": "Chokladkaka",
    "price": "50:-",
    "unit": null,
    "description": null,
    "ord_pris": null,
    "jfr_pris": null,
    "image": "https://image-transformer-api.tjek.com/?u=s3%3A%2F%2Fsgn-prd-assets%2Fuploads%2Fss8eM4ao%2Fp-8.webp&w=300&x1r=0.0375&x2r=0.3996&y1r=0.4039&y2r=0.5531&s=667dec96b925017bc97600953a48367e"
  },
  {
    "store": "Stora Coop",
    "name": "Proteinbars",
    "price": "30:-",
    "unit": null,
    "description": "2x35-50 g • 428,57 kr/kg",
    "ord_pris": null,
    "jfr_pris": "428,57",
    "image": "https://image-transformer-api.tjek.com/?u=s3%3A%2F%2Fsgn-prd-assets%2Fuploads%2Fss8eM4ao%2Fp-4.webp&w=300&x1r=0.0609&x2r=0.5721&y1r=0.6235&y2r=0.7514&s=73946307ffe529d82c2b810df25a487f"
  },
  {
    "store": "Stora Coop",
    "name": "Kex TUC",
    "price": "19:-",
    "unit": null,
    "description": "2x100 g • 95 kr/kg",
    "ord_pris": null,
    "jfr_pris": "95",
    "image": "https://image-transformer-api.tjek.com/?u=s3%3A%2F%2Fsgn-prd-assets%2Fuploads%2Fss8eM4ao%2Fp-5.webp&w=300&x1r=0.0398&x2r=0.3686&y1r=0.6853&y2r=0.8811&s=a78afd0461839df6d46ce243e5b98a20"
  },
  {
    "store": "Stora Coop",
    "name": "Maskindisktabletter",
    "price": "99:-",
    "unit": null,
    "description": null,
    "ord_pris": null,
    "jfr_pris": null,
    "image": "https://image-transformer-api.tjek.com/?u=s3%3A%2F%2Fsgn-prd-assets%2Fuploads%2Fss8eM4ao%2Fp-7.webp&w=300&x1r=0.5446&x2r=0.9166&y1r=0.4136&y2r=0.654&s=d7772855d3a7df360cb5cee7324bafc4"
  },
  {
    "store": "Stora Coop",
    "name": "Toalettpapper 12-pack",
    "price": "59:-",
    "unit": null,
    "description": null,
    "ord_pris": null,
    "jfr_pris": null,
    "image": "https://image-transformer-api.tjek.com/?u=s3%3A%2F%2Fsgn-prd-assets%2Fuploads%2Fss8eM4ao%2Fp-7.webp&w=300&x1r=0.1102&x2r=0.586&y1r=0.73&y2r=0.905&s=f84f2839eff694ec4e0a390eecf7e29b"
  },
  {
    "store": "Stora Coop",
    "name": "Hushållspapper 6-pack",
    "price": "45:-",
    "unit": null,
    "description": null,
    "ord_pris": null,
    "jfr_pris": null,
    "image": "https://image-transformer-api.tjek.com/?u=s3%3A%2F%2Fsgn-prd-assets%2Fuploads%2Fss8eM4ao%2Fp-7.webp&w=300&x1r=0.096&x2r=0.5475&y1r=0.57&y2r=0.7376&s=dacda6128743b5816c93716d4dc2127b"
  },
  {
    "store": "Stora Coop",
    "name": "Köksredskap",
    "price": "15:-",
    "unit": null,
    "description": null,
    "ord_pris": null,
    "jfr_pris": null,
    "image": "https://image-transformer-api.tjek.com/?u=s3%3A%2F%2Fsgn-prd-assets%2Fuploads%2Fhn4GG8AR%2Fp-10.webp&w=300&x1r=0.0727&x2r=0.5916&y1r=0.0425&y2r=0.2694&s=639352f2bc4ba2ea066383b5fb97c29c"
  },
  {
    "store": "Stora Coop",
    "name": "Matlådor",
    "price": "50:-",
    "unit": null,
    "description": null,
    "ord_pris": null,
    "jfr_pris": null,
    "image": "https://image-transformer-api.tjek.com/?u=s3%3A%2F%2Fsgn-prd-assets%2Fuploads%2Fss8eM4ao%2Fp-5.webp&w=300&x1r=0.4436&x2r=0.7258&y1r=0.4094&y2r=0.6349&s=c766726a9721346efe9963db49a9b3ed"
  },
  {
    "store": "Stora Coop",
    "name": "Digital köksvåg",
    "price": "99:-",
    "unit": null,
    "description": null,
    "ord_pris": null,
    "jfr_pris": null,
    "image": "https://image-transformer-api.tjek.com/?u=s3%3A%2F%2Fsgn-prd-assets%2Fuploads%2Fhn4GG8AR%2Fp-10.webp&w=300&x1r=0.5798&x2r=0.9432&y1r=0.5716&y2r=0.8945&s=2eac80c173e6371900ee90628b5ef9e3"
  },
  {
    "store": "Stora Coop",
    "name": "Kaffebryggare",
    "price": "349:-",
    "unit": null,
    "description": null,
    "ord_pris": null,
    "jfr_pris": null,
    "image": "https://image-transformer-api.tjek.com/?u=s3%3A%2F%2Fsgn-prd-assets%2Fuploads%2Fhn4GG8AR%2Fp-10.webp&w=300&x1r=0.4158&x2r=0.9517&y1r=0.0631&y2r=0.5935&s=d324896b56b2a78a022457626ab3f96f"
  },
  {
    "store": "Stora Coop",
    "name": "Brödrost",
    "price": "249:-",
    "unit": null,
    "description": null,
    "ord_pris": null,
    "jfr_pris": null,
    "image": "https://image-transformer-api.tjek.com/?u=s3%3A%2F%2Fsgn-prd-assets%2Fuploads%2Fhn4GG8AR%2Fp-10.webp&w=300&x1r=0.0524&x2r=0.6069&y1r=0.5777&y2r=0.9029&s=4441e681079e5ef409977522639933e2"
  },
  {
    "store": "Stora Coop",
    "name": "Stekpanna Premium",
    "price": "299:-",
    "unit": null,
    "description": null,
    "ord_pris": null,
    "jfr_pris": null,
    "image": "https://image-transformer-api.tjek.com/?u=s3%3A%2F%2Fsgn-prd-assets%2Fuploads%2Fhn4GG8AR%2Fp-9.webp&w=300&x1r=0.4498&x2r=0.9399&y1r=0.5126&y2r=0.6856&s=1175ce317c5ef272cedb53aa5de2249f"
  },
  {
    "store": "Stora Coop",
    "name": "Äppeldelare",
    "price": "25:-",
    "unit": null,
    "description": null,
    "ord_pris": null,
    "jfr_pris": null,
    "image": "https://image-transformer-api.tjek.com/?u=s3%3A%2F%2Fsgn-prd-assets%2Fuploads%2Fss8eM4ao%2Fp-7.webp&w=300&x1r=0.0899&x2r=0.5473&y1r=0.4007&y2r=0.5861&s=5ec23a71a59038addbfa905d4161031a"
  },
  {
    "store": "Stora Coop",
    "name": "Mugg",
    "price": "39.90:-",
    "unit": null,
    "description": null,
    "ord_pris": null,
    "jfr_pris": null,
    "image": "https://image-transformer-api.tjek.com/?u=s3%3A%2F%2Fsgn-prd-assets%2Fuploads%2Fss8eM4ao%2Fp-7.webp&w=300&x1r=0.0872&x2r=0.9204&y1r=0.1289&y2r=0.4117&s=11e30edec354dc011ee85da226d748d8"
  },
  {
    "store": "Stora Coop",
    "name": "Stakljus 2-pack",
    "price": "39.90:-",
    "unit": null,
    "description": null,
    "ord_pris": null,
    "jfr_pris": null,
    "image": "https://image-transformer-api.tjek.com/?u=s3%3A%2F%2Fsgn-prd-assets%2Fuploads%2Fhn4GG8AR%2Fp-11.webp&w=300&x1r=0.6756&x2r=0.9415&y1r=0.6407&y2r=0.8853&s=377d52bf7822925b6a43d4325ea73a86"
  },
  {
    "store": "Stora Coop",
    "name": "Doftljus",
    "price": "69:-",
    "unit": null,
    "description": "150 g • 460 kr/kg",
    "ord_pris": null,
    "jfr_pris": "460",
    "image": "https://image-transformer-api.tjek.com/?u=s3%3A%2F%2Fsgn-prd-assets%2Fuploads%2Fhn4GG8AR%2Fp-11.webp&w=300&x1r=0.5432&x2r=0.9407&y1r=0.4393&y2r=0.6559&s=1ee6f96046c28111ae88fb16cf6857e9"
  },
  {
    "store": "Stora Coop",
    "name": "Vattenkokare",
    "price": "99:-",
    "unit": null,
    "description": null,
    "ord_pris": null,
    "jfr_pris": null,
    "image": "https://image-transformer-api.tjek.com/?u=s3%3A%2F%2Fsgn-prd-assets%2Fuploads%2Fss8eM4ao%2Fp-7.webp&w=300&x1r=0.5557&x2r=0.9034&y1r=0.6502&y2r=0.9009&s=bc584ef97b12e6450a55d679dbdce95a"
  },
  {
    "store": "Stora Coop",
    "name": "Pläd",
    "price": "149:-",
    "unit": null,
    "description": null,
    "ord_pris": null,
    "jfr_pris": null,
    "image": "https://image-transformer-api.tjek.com/?u=s3%3A%2F%2Fsgn-prd-assets%2Fuploads%2Fhn4GG8AR%2Fp-11.webp&w=300&x1r=0.0855&x2r=0.9448&y1r=0.0395&y2r=0.4973&s=b2cfde1688024967f4e2ef49c7eb4f62"
  },
  {
    "store": "Stora Coop",
    "name": "Ljuslykta",
    "price": "199:-",
    "unit": null,
    "description": null,
    "ord_pris": null,
    "jfr_pris": null,
    "image": "https://image-transformer-api.tjek.com/?u=s3%3A%2F%2Fsgn-prd-assets%2Fuploads%2Fhn4GG8AR%2Fp-11.webp&w=300&x1r=0.0473&x2r=0.2954&y1r=0.4955&y2r=0.8928&s=a63d74329bb459b1a3a79f7b6c8214ad"
  },
  {
    "store": "Stora Coop",
    "name": "Vårfröer",
    "price": null,
    "unit": null,
    "description": null,
    "ord_pris": null,
    "jfr_pris": null,
    "image": "https://image-transformer-api.tjek.com/?u=s3%3A%2F%2Fsgn-prd-assets%2Fuploads%2Fss8eM4ao%2Fp-5.webp&w=300&x1r=0.3624&x2r=0.9631&y1r=0.6307&y2r=0.7806&s=c1284eda931cfa618390e539db63ef43"
  },
  {
    "store": "Stora Coop",
    "name": "Laddkablar/Hörlurar",
    "price": "99:-",
    "unit": null,
    "description": null,
    "ord_pris": null,
    "jfr_pris": null,
    "image": "https://image-transformer-api.tjek.com/?u=s3%3A%2F%2Fsgn-prd-assets%2Fuploads%2Fhn4GG8AR%2Fp-12.webp&w=300&x1r=0.3338&x2r=0.9622&y1r=0.6068&y2r=0.8599&s=3e9315d3a1a6671a994bb56e5a4d2518"
  },
  {
    "store": "Coop",
    "name": "Apelsiner i nät",
    "price": "17:-",
    "unit": null,
    "description": null,
    "ord_pris": null,
    "jfr_pris": null,
    "image": "https://image-transformer-api.tjek.com/?u=s3%3A%2F%2Fsgn-prd-assets%2Fuploads%2FPUGICSMT%2Fp-1.webp&w=300&x1r=0&x2r=0.6635&y1r=0.6759&y2r=0.9218&s=d6632fd9da8cfbd334040ee2c417fd48"
  },
  {
    "store": "Coop",
    "name": "Ekologisk potatis i påse",
    "price": "15:-",
    "unit": null,
    "description": "1 kg • 15 kr/kg",
    "ord_pris": null,
    "jfr_pris": "15",
    "image": "https://image-transformer-api.tjek.com/?u=s3%3A%2F%2Fsgn-prd-assets%2Fuploads%2FxZH3kyJ5%2Fp-3.webp&w=300&x1r=0.048&x2r=0.5566&y1r=0.1218&y2r=0.465&s=4055cc9b35144f13e7c1afd565748742"
  },
  {
    "store": "Coop",
    "name": "Blodapelsiner",
    "price": "25:-",
    "unit": null,
    "description": "1 kg • 25 kr/kg",
    "ord_pris": null,
    "jfr_pris": "25",
    "image": "https://image-transformer-api.tjek.com/?u=s3%3A%2F%2Fsgn-prd-assets%2Fuploads%2Frm94bjgX%2Fp-3.webp&w=300&x1r=0.0054&x2r=0.3398&y1r=0.4716&y2r=0.7119&s=2c5b239c1843380bc58c34431956f4c4"
  },
  {
    "store": "Coop",
    "name": "Blodapelsiner i nät",
    "price": "25:-",
    "unit": null,
    "description": "1 kg • 25 kr/kg",
    "ord_pris": null,
    "jfr_pris": "25",
    "image": "https://image-transformer-api.tjek.com/?u=s3%3A%2F%2Fsgn-prd-assets%2Fuploads%2FxZH3kyJ5%2Fp-3.webp&w=300&x1r=0.043&x2r=0.3565&y1r=0.4617&y2r=0.6975&s=09cd344174d6731087d9a82df3f1fa92"
  },
  {
    "store": "Coop",
    "name": "Krossade tomater",
    "price": "20:-",
    "unit": null,
    "description": "2x390 g • 25,64 kr/kg",
    "ord_pris": null,
    "jfr_pris": "25,64",
    "image": "https://image-transformer-api.tjek.com/?u=s3%3A%2F%2Fsgn-prd-assets%2Fuploads%2FPUGICSMT%2Fp-2.webp&w=300&x1r=0.0081&x2r=0.9795&y1r=0.0067&y2r=0.4337&s=aebf89fb0b019bdaf070e4fbbb46f816"
  },
  {
    "store": "Coop",
    "name": "Färsk fläskfilé",
    "price": "89:-",
    "unit": null,
    "description": null,
    "ord_pris": null,
    "jfr_pris": null,
    "image": "https://image-transformer-api.tjek.com/?u=s3%3A%2F%2Fsgn-prd-assets%2Fuploads%2FxZH3kyJ5%2Fp-1.webp&w=300&x1r=0.0438&x2r=0.3482&y1r=0.7218&y2r=0.9198&s=3b14b87d134450dd0eb491cb91ad6bee"
  },
  {
    "store": "Coop",
    "name": "Färs",
    "price": "45:-",
    "unit": null,
    "description": "400 g • 112,50 kr/kg",
    "ord_pris": null,
    "jfr_pris": "112,50",
    "image": "https://image-transformer-api.tjek.com/?u=s3%3A%2F%2Fsgn-prd-assets%2Fuploads%2FxZH3kyJ5%2Fp-2.webp&w=300&x1r=0.3459&x2r=0.6523&y1r=0.4657&y2r=0.7022&s=d50516cc3ff276a5df9c9567c995ec4d"
  },
  {
    "store": "Coop",
    "name": "Blandfärs",
    "price": "54.90:-",
    "unit": null,
    "description": "500 g • 109,80 kr/kg",
    "ord_pris": null,
    "jfr_pris": "109,80",
    "image": "https://image-transformer-api.tjek.com/?u=s3%3A%2F%2Fsgn-prd-assets%2Fuploads%2FxZH3kyJ5%2Fp-2.webp&w=300&x1r=0.0457&x2r=0.6512&y1r=0.0637&y2r=0.4618&s=4c0ba338298a4e22c769e4be230fd150"
  },
  {
    "store": "Coop",
    "name": "Färsk fläskkarré",
    "price": "79.90:-",
    "unit": null,
    "description": null,
    "ord_pris": null,
    "jfr_pris": null,
    "image": "https://image-transformer-api.tjek.com/?u=s3%3A%2F%2Fsgn-prd-assets%2Fuploads%2FxZH3kyJ5%2Fp-2.webp&w=300&x1r=0.3433&x2r=0.6541&y1r=0.7038&y2r=0.927&s=97b3d1c826a0fb79d1688bcbe742ca05"
  },
  {
    "store": "Coop",
    "name": "Grytbitar av nötkött – sous vide",
    "price": "64.90:-",
    "unit": null,
    "description": "400 g • 162,25 kr/kg",
    "ord_pris": null,
    "jfr_pris": "162,25",
    "image": "https://image-transformer-api.tjek.com/?u=s3%3A%2F%2Fsgn-prd-assets%2Fuploads%2FxZH3kyJ5%2Fp-2.webp&w=300&x1r=0.0404&x2r=0.3523&y1r=0.4664&y2r=0.704&s=9e6f01d19e322b0056d483930cef84fe"
  },
  {
    "store": "Coop",
    "name": "Fläskfärs",
    "price": "34.90:-",
    "unit": null,
    "description": "500 g • 69,80 kr/kg",
    "ord_pris": null,
    "jfr_pris": "69,80",
    "image": "https://image-transformer-api.tjek.com/?u=s3%3A%2F%2Fsgn-prd-assets%2Fuploads%2FEDotVOK8%2Fp-2.webp&w=300&x1r=0.6578&x2r=0.9912&y1r=0.4756&y2r=0.7074&s=c0ef1fed3764f2372742de9b8bd49345"
  },
  {
    "store": "Coop",
    "name": "Prinskorv",
    "price": "27.90:-",
    "unit": null,
    "description": "300 g • 93 kr/kg",
    "ord_pris": null,
    "jfr_pris": "93",
    "image": "https://image-transformer-api.tjek.com/?u=s3%3A%2F%2Fsgn-prd-assets%2Fuploads%2FEDotVOK8%2Fp-2.webp&w=300&x1r=0.002&x2r=0.3405&y1r=0.4836&y2r=0.7089&s=eaa3fa3f1461115613e4cc63c67f679c"
  },
  {
    "store": "Coop",
    "name": "Delikatessköttbullar",
    "price": "59.90:-",
    "unit": null,
    "description": "450 g • 133,11 kr/kg",
    "ord_pris": null,
    "jfr_pris": "133,11",
    "image": "https://image-transformer-api.tjek.com/?u=s3%3A%2F%2Fsgn-prd-assets%2Fuploads%2FxZH3kyJ5%2Fp-4.webp&w=300&x1r=0.6395&x2r=0.9611&y1r=0.4693&y2r=0.6939&s=5cad8884628df06b5bcccddcac1e407c"
  },
  {
    "store": "Coop",
    "name": "Kassler",
    "price": "89:-",
    "unit": null,
    "description": "1 kg • 89 kr/kg",
    "ord_pris": null,
    "jfr_pris": "89",
    "image": "https://image-transformer-api.tjek.com/?u=s3%3A%2F%2Fsgn-prd-assets%2Fuploads%2FxZH3kyJ5%2Fp-2.webp&w=300&x1r=0.6386&x2r=0.9728&y1r=0.0215&y2r=0.4757&s=4321c81ce693db30244bba8ab0870be1"
  },
  {
    "store": "Coop",
    "name": "Middagskorv",
    "price": "29.90:-",
    "unit": null,
    "description": "800 g • 37,38 kr/kg",
    "ord_pris": null,
    "jfr_pris": "37,38",
    "image": "https://image-transformer-api.tjek.com/?u=s3%3A%2F%2Fsgn-prd-assets%2Fuploads%2FxZH3kyJ5%2Fp-4.webp&w=300&x1r=0.3486&x2r=0.6555&y1r=0.6975&y2r=0.9193&s=3c5fb2549d833a0fd3cc17a9564a3c32"
  },
  {
    "store": "Coop",
    "name": "Yoghurt",
    "price": "35:-",
    "unit": null,
    "description": null,
    "ord_pris": null,
    "jfr_pris": null,
    "image": "https://image-transformer-api.tjek.com/?u=s3%3A%2F%2Fsgn-prd-assets%2Fuploads%2FxZH3kyJ5%2Fp-5.webp&w=300&x1r=0.0397&x2r=0.6487&y1r=0.0275&y2r=0.4707&s=17735a83e0885ccf3213f544c87e5a0e"
  },
  {
    "store": "Coop",
    "name": "Havredryck till kaffe",
    "price": "35:-",
    "unit": null,
    "description": null,
    "ord_pris": null,
    "jfr_pris": null,
    "image": "https://image-transformer-api.tjek.com/?u=s3%3A%2F%2Fsgn-prd-assets%2Fuploads%2FQMC42mKJ%2Fp-8.webp&w=300&x1r=0.6497&x2r=0.9973&y1r=0.5317&y2r=0.7681&s=4e26d6d43094cb2a765e07129c603e15"
  },
  {
    "store": "Coop",
    "name": "Riven ost",
    "price": "45:-",
    "unit": null,
    "description": "2x150 g • 150 kr/kg",
    "ord_pris": null,
    "jfr_pris": "150",
    "image": "https://image-transformer-api.tjek.com/?u=s3%3A%2F%2Fsgn-prd-assets%2Fuploads%2FEDotVOK8%2Fp-2.webp&w=300&x1r=0.3286&x2r=0.6621&y1r=0.4572&y2r=0.7199&s=395e10c6b25abad60a7f412222e8c663"
  },
  {
    "store": "Coop",
    "name": "Ost",
    "price": "139:-",
    "unit": null,
    "description": "1 kg • 139 kr/kg",
    "ord_pris": null,
    "jfr_pris": "139",
    "image": "https://image-transformer-api.tjek.com/?u=s3%3A%2F%2Fsgn-prd-assets%2Fuploads%2FxZH3kyJ5%2Fp-5.webp&w=300&x1r=0.6432&x2r=0.9648&y1r=0.248&y2r=0.4787&s=e22c432bd6300ceda33bfe5a19859caa"
  },
  {
    "store": "Coop",
    "name": "Smörgåspålägg tunna skivor",
    "price": "55:-",
    "unit": null,
    "description": null,
    "ord_pris": null,
    "jfr_pris": null,
    "image": "https://image-transformer-api.tjek.com/?u=s3%3A%2F%2Fsgn-prd-assets%2Fuploads%2FPUGICSMT%2Fp-1.webp&w=300&x1r=0&x2r=0.6666&y1r=0.1674&y2r=0.682&s=6cf93f04cd9c0d25d219cee51af17b36"
  },
  {
    "store": "Coop",
    "name": "Färdigrätter",
    "price": "105:-",
    "unit": null,
    "description": "3x350 g • 100 kr/kg",
    "ord_pris": null,
    "jfr_pris": "100",
    "image": "https://image-transformer-api.tjek.com/?u=s3%3A%2F%2Fsgn-prd-assets%2Fuploads%2FEDotVOK8%2Fp-2.webp&w=300&x1r=0.0037&x2r=0.6622&y1r=0.0573&y2r=0.4699&s=f68f39594f65c83f9dc34e7778d168b2"
  },
  {
    "store": "Coop",
    "name": "Räkor",
    "price": "129:-",
    "unit": null,
    "description": "2x400 g • 161,25 kr/kg",
    "ord_pris": null,
    "jfr_pris": "161,25",
    "image": "https://image-transformer-api.tjek.com/?u=s3%3A%2F%2Fsgn-prd-assets%2Fuploads%2FxZH3kyJ5%2Fp-4.webp&w=300&x1r=0.0373&x2r=0.6462&y1r=0.4623&y2r=0.6913&s=5767334d4844a8359458a84720c62eb9"
  },
  {
    "store": "Coop",
    "name": "Pizza/Piroger flerpack",
    "price": "105:-",
    "unit": null,
    "description": "1400-1530 g • 75 kr/kg",
    "ord_pris": null,
    "jfr_pris": "75",
    "image": "https://image-transformer-api.tjek.com/?u=s3%3A%2F%2Fsgn-prd-assets%2Fuploads%2FxZH3kyJ5%2Fp-7.webp&w=300&x1r=0.5792&x2r=0.98&y1r=0.1017&y2r=0.5175&s=99e02f1118db75cca8801c20c38e9edf"
  },
  {
    "store": "Coop",
    "name": "Pizza",
    "price": "99:-",
    "unit": null,
    "description": null,
    "ord_pris": null,
    "jfr_pris": null,
    "image": "https://image-transformer-api.tjek.com/?u=s3%3A%2F%2Fsgn-prd-assets%2Fuploads%2FPUGICSMT%2Fp-1.webp&w=300&x1r=0.6543&x2r=0.9977&y1r=0.6813&y2r=0.9175&s=3026acb217685e68048b8c9298681cea"
  },
  {
    "store": "Coop",
    "name": "Nutella",
    "price": "65:-",
    "unit": null,
    "description": "2x350 g • 92,86 kr/kg",
    "ord_pris": null,
    "jfr_pris": "92,86",
    "image": "https://image-transformer-api.tjek.com/?u=s3%3A%2F%2Fsgn-prd-assets%2Fuploads%2FxZH3kyJ5%2Fp-6.webp&w=300&x1r=0.3452&x2r=0.654&y1r=0.4635&y2r=0.6953&s=886bb287b4c8addc34660464d17dff60"
  },
  {
    "store": "Coop",
    "name": "Finkrossade tomater",
    "price": "20:-",
    "unit": null,
    "description": "2x390 g • 25,64 kr/kg",
    "ord_pris": null,
    "jfr_pris": "25,64",
    "image": "https://image-transformer-api.tjek.com/?u=s3%3A%2F%2Fsgn-prd-assets%2Fuploads%2FxZH3kyJ5%2Fp-4.webp&w=300&x1r=0.0341&x2r=0.6474&y1r=0.0334&y2r=0.4651&s=34c4067282cfb930be0e1717b56ef11c"
  },
  {
    "store": "Coop",
    "name": "Ris boil-in-bag",
    "price": "49:-",
    "unit": null,
    "description": "2x500 g • 49 kr/kg",
    "ord_pris": null,
    "jfr_pris": "49",
    "image": "https://image-transformer-api.tjek.com/?u=s3%3A%2F%2Fsgn-prd-assets%2Fuploads%2FEDotVOK8%2Fp-2.webp&w=300&x1r=0.6543&x2r=0.9884&y1r=0.0035&y2r=0.4821&s=10a3ebf7e0e88f4c2f76f22b8a638907"
  },
  {
    "store": "Coop",
    "name": "Halstabletter",
    "price": "35:-",
    "unit": null,
    "description": "2x72 g • 243,06 kr/kg",
    "ord_pris": null,
    "jfr_pris": "243,06",
    "image": "https://image-transformer-api.tjek.com/?u=s3%3A%2F%2Fsgn-prd-assets%2Fuploads%2FxZH3kyJ5%2Fp-6.webp&w=300&x1r=0.6432&x2r=0.9598&y1r=0.0199&y2r=0.2535&s=23f1bad6896d976b29a71536a9d49771"
  },
  {
    "store": "Coop",
    "name": "Kryddor",
    "price": "40:-",
    "unit": null,
    "description": "2x8-53 g • 2 500 kr/kg",
    "ord_pris": null,
    "jfr_pris": "500",
    "image": "https://image-transformer-api.tjek.com/?u=s3%3A%2F%2Fsgn-prd-assets%2Fuploads%2FxZH3kyJ5%2Fp-4.webp&w=300&x1r=0.0438&x2r=0.3497&y1r=0.6923&y2r=0.9253&s=ce15e11b2db7f4e0599d0deac5bbe7a3"
  },
  {
    "store": "Coop",
    "name": "Flingor",
    "price": "79:-",
    "unit": null,
    "description": "2x330-410 g • 119,70 kr/kg",
    "ord_pris": null,
    "jfr_pris": "119,70",
    "image": "https://image-transformer-api.tjek.com/?u=s3%3A%2F%2Fsgn-prd-assets%2Fuploads%2FxZH3kyJ5%2Fp-5.webp&w=300&x1r=0.3489&x2r=0.6558&y1r=0.6853&y2r=0.9265&s=2f0f4b90f3d6e4772753ea373026bf3d"
  },
  {
    "store": "Coop",
    "name": "Kakor",
    "price": "35:-",
    "unit": null,
    "description": "2x115-157 g • 152,17 kr/kg",
    "ord_pris": null,
    "jfr_pris": "152,17",
    "image": "https://image-transformer-api.tjek.com/?u=s3%3A%2F%2Fsgn-prd-assets%2Fuploads%2FxZH3kyJ5%2Fp-6.webp&w=300&x1r=0.0433&x2r=0.3545&y1r=0.4721&y2r=0.7006&s=90b8d526dee9f8f00c33d56b1134fe20"
  },
  {
    "store": "Coop",
    "name": "Nötmix",
    "price": "45:-",
    "unit": null,
    "description": "2x175-200 g • 128,57 kr/kg",
    "ord_pris": null,
    "jfr_pris": "128,57",
    "image": "https://image-transformer-api.tjek.com/?u=s3%3A%2F%2Fsgn-prd-assets%2Fuploads%2FPUGICSMT%2Fp-2.webp&w=300&x1r=0.0103&x2r=0.499&y1r=0.4206&y2r=0.8049&s=59fea4b3d1ed13c8c30c21d95db122a6"
  },
  {
    "store": "Coop",
    "name": "Ekologiska chokladkakor",
    "price": "55:-",
    "unit": null,
    "description": "2x100 g • 275 kr/kg",
    "ord_pris": null,
    "jfr_pris": "275",
    "image": "https://image-transformer-api.tjek.com/?u=s3%3A%2F%2Fsgn-prd-assets%2Fuploads%2FEDotVOK8%2Fp-2.webp&w=300&x1r=0.0032&x2r=0.3412&y1r=0.7097&y2r=0.9547&s=a88cbe1b0eb87539cef5cd096cb1636c"
  },
  {
    "store": "Coop",
    "name": "Fylld pasta",
    "price": "79:-",
    "unit": null,
    "description": "2x250 g • 158 kr/kg",
    "ord_pris": null,
    "jfr_pris": "158",
    "image": "https://image-transformer-api.tjek.com/?u=s3%3A%2F%2Fsgn-prd-assets%2Fuploads%2FxZH3kyJ5%2Fp-4.webp&w=300&x1r=0.636&x2r=0.968&y1r=0.0259&y2r=0.4678&s=48863879cc915a53efdb998f0bd597d6"
  },
  {
    "store": "Coop",
    "name": "Läsk",
    "price": "22:-",
    "unit": null,
    "description": null,
    "ord_pris": null,
    "jfr_pris": null,
    "image": "https://image-transformer-api.tjek.com/?u=s3%3A%2F%2Fsgn-prd-assets%2Fuploads%2FPUGICSMT%2Fp-1.webp&w=300&x1r=0.6528&x2r=0.9944&y1r=0.1369&y2r=0.6814&s=639adfc2b1b9b7518e9cdecc1dbee9e7"
  },
  {
    "store": "Coop",
    "name": "Kolsyrad dryck 6-pack",
    "price": "54.90:-",
    "unit": null,
    "description": "6x33 cl • 27,73 kr/l",
    "ord_pris": null,
    "jfr_pris": null,
    "image": "https://image-transformer-api.tjek.com/?u=s3%3A%2F%2Fsgn-prd-assets%2Fuploads%2FxZH3kyJ5%2Fp-7.webp&w=300&x1r=0.0297&x2r=0.5985&y1r=0.1367&y2r=0.4905&s=379fe3086918ce8365aabc9471e39971"
  },
  {
    "store": "Coop",
    "name": "Knäckebröd",
    "price": "39:-",
    "unit": null,
    "description": "2x550 g • 35,45 kr/kg",
    "ord_pris": null,
    "jfr_pris": "35,45",
    "image": "https://image-transformer-api.tjek.com/?u=s3%3A%2F%2Fsgn-prd-assets%2Fuploads%2FxZH3kyJ5%2Fp-5.webp&w=300&x1r=0.0416&x2r=0.3511&y1r=0.6985&y2r=0.9202&s=90777fa876a8369c32d31ba920e261a3"
  },
  {
    "store": "Coop",
    "name": "Roast’n toast",
    "price": "29.90:-",
    "unit": null,
    "description": "800 g • 37,38 kr/kg",
    "ord_pris": null,
    "jfr_pris": "37,38",
    "image": "https://image-transformer-api.tjek.com/?u=s3%3A%2F%2Fsgn-prd-assets%2Fuploads%2FxZH3kyJ5%2Fp-5.webp&w=300&x1r=0.3393&x2r=0.6535&y1r=0.4468&y2r=0.6947&s=bb8e927097616985f09ed39628959149"
  },
  {
    "store": "Coop",
    "name": "Vilja bröd",
    "price": "20:-",
    "unit": null,
    "description": "525 g • 38,10 kr/kg",
    "ord_pris": null,
    "jfr_pris": "38,10",
    "image": "https://image-transformer-api.tjek.com/?u=s3%3A%2F%2Fsgn-prd-assets%2Fuploads%2FPUGICSMT%2Fp-2.webp&w=300&x1r=0.496&x2r=0.9874&y1r=0.4095&y2r=0.8081&s=4c0d5952f8acbbf68ec8ff9deb034d5c"
  },
  {
    "store": "Coop",
    "name": "Skogaholmslimpa",
    "price": "22.90:-",
    "unit": null,
    "description": null,
    "ord_pris": null,
    "jfr_pris": null,
    "image": "https://image-transformer-api.tjek.com/?u=s3%3A%2F%2Fsgn-prd-assets%2Fuploads%2FxZH3kyJ5%2Fp-5.webp&w=300&x1r=0.6383&x2r=0.965&y1r=0.4793&y2r=0.9168&s=a3506926ab0c4d15f6d993a2d7cd5813"
  },
  {
    "store": "Coop",
    "name": "Chokladhjärtan",
    "price": "99:-",
    "unit": null,
    "description": "2x165 g • 300 kr/kg",
    "ord_pris": null,
    "jfr_pris": "300",
    "image": "https://image-transformer-api.tjek.com/?u=s3%3A%2F%2Fsgn-prd-assets%2Fuploads%2FxZH3kyJ5%2Fp-6.webp&w=300&x1r=0.6377&x2r=0.9656&y1r=0.2461&y2r=0.6921&s=09fd950b33db04c1b10339ce48f0a039"
  },
  {
    "store": "Coop",
    "name": "Toalettrengöring",
    "price": "45:-",
    "unit": null,
    "description": null,
    "ord_pris": null,
    "jfr_pris": null,
    "image": "https://image-transformer-api.tjek.com/?u=s3%3A%2F%2Fsgn-prd-assets%2Fuploads%2FxZH3kyJ5%2Fp-7.webp&w=300&x1r=0.0425&x2r=0.3484&y1r=0.6789&y2r=0.9268&s=0a499c1607b44c4e8c9383821a70c9d2"
  },
  {
    "store": "Coop",
    "name": "Städservetter",
    "price": "30:-",
    "unit": null,
    "description": null,
    "ord_pris": null,
    "jfr_pris": null,
    "image": "https://image-transformer-api.tjek.com/?u=s3%3A%2F%2Fsgn-prd-assets%2Fuploads%2FEDotVOK8%2Fp-2.webp&w=300&x1r=0.6542&x2r=0.9897&y1r=0.7083&y2r=0.9487&s=c53d9fea9d427a75d879949d31aa6fe2"
  },
  {
    "store": "Coop",
    "name": "Matlåda",
    "price": "50:-",
    "unit": null,
    "description": null,
    "ord_pris": null,
    "jfr_pris": null,
    "image": "https://image-transformer-api.tjek.com/?u=s3%3A%2F%2Fsgn-prd-assets%2Fuploads%2FxZH3kyJ5%2Fp-7.webp&w=300&x1r=0.6439&x2r=0.9619&y1r=0.681&y2r=0.9203&s=b851e353232eb0a3e3d84447b3c4c6b4"
  },
  {
    "store": "Coop",
    "name": "Ugnsform 2-pack",
    "price": "99:-",
    "unit": null,
    "description": null,
    "ord_pris": null,
    "jfr_pris": null,
    "image": "https://image-transformer-api.tjek.com/?u=s3%3A%2F%2Fsgn-prd-assets%2Fuploads%2FxZH3kyJ5%2Fp-7.webp&w=300&x1r=0.0375&x2r=0.3658&y1r=0.4952&y2r=0.6566&s=95a0a3faabace6baba970248c39a384a"
  },
  {
    "store": "Coop",
    "name": "Alla hjärtans dag-mugg",
    "price": "39.90:-",
    "unit": null,
    "description": null,
    "ord_pris": null,
    "jfr_pris": null,
    "image": "https://image-transformer-api.tjek.com/?u=s3%3A%2F%2Fsgn-prd-assets%2Fuploads%2FxZH3kyJ5%2Fp-7.webp&w=300&x1r=0.6247&x2r=0.9782&y1r=0.5095&y2r=0.6579&s=ac13c9a0eb4a1707b2ab59675d36b987"
  },
  {
    "store": "Coop",
    "name": "Äppeldelare",
    "price": "25:-",
    "unit": null,
    "description": null,
    "ord_pris": null,
    "jfr_pris": null,
    "image": "https://image-transformer-api.tjek.com/?u=s3%3A%2F%2Fsgn-prd-assets%2Fuploads%2FxZH3kyJ5%2Fp-7.webp&w=300&x1r=0.3596&x2r=0.6279&y1r=0.4818&y2r=0.6565&s=94bbdbadfc7f0bd830fa7c062b24406d"
  },
  {
    "store": "Coop",
    "name": "Schampo/Balsam",
    "price": "55:-",
    "unit": null,
    "description": "2x200-250 ml • 137,50 kr/l",
    "ord_pris": null,
    "jfr_pris": null,
    "image": "https://image-transformer-api.tjek.com/?u=s3%3A%2F%2Fsgn-prd-assets%2Fuploads%2FxZH3kyJ5%2Fp-7.webp&w=300&x1r=0.3495&x2r=0.6496&y1r=0.6781&y2r=0.9261&s=d48b38938097b5903965627d844ab69d"
  },
  {
    "store": "Willys",
    "name": "HEL VITKÅL",
    "price": "4.90:-",
    "unit": null,
    "description": "1 kg • 4,90 kr/kg",
    "ord_pris": null,
    "jfr_pris": "4,90",
    "image": "https://image-transformer-api.tjek.com/?u=s3%3A%2F%2Fsgn-prd-assets%2Fuploads%2F2Fi0yJ96%2Fp-1.webp&w=300&x1r=0.7769&x2r=0.981&y1r=0.4522&y2r=0.6619&s=b67702174f2036843a4ee90ac0876933"
  },
  {
    "store": "Willys",
    "name": "GRÄSLÖK 15G, DILL 20G",
    "price": "9.90:-",
    "unit": null,
    "description": "15-20 g • 660 kr/kg",
    "ord_pris": null,
    "jfr_pris": "660",
    "image": "https://image-transformer-api.tjek.com/?u=s3%3A%2F%2Fsgn-prd-assets%2Fuploads%2F2Fi0yJ96%2Fp-8.webp&w=300&x1r=0.7261&x2r=0.9912&y1r=0.01&y2r=0.2591&s=b32d6e3f678b3aefde8a393419ac48be"
  },
  {
    "store": "Willys",
    "name": "HEL RÖDKÅL",
    "price": "9.90:-",
    "unit": null,
    "description": "1 kg • 9,90 kr/kg",
    "ord_pris": null,
    "jfr_pris": "9,90",
    "image": "https://image-transformer-api.tjek.com/?u=s3%3A%2F%2Fsgn-prd-assets%2Fuploads%2F2Fi0yJ96%2Fp-8.webp&w=300&x1r=0.0118&x2r=0.2816&y1r=0.0042&y2r=0.1958&s=47509d74a9bb1ec15a30053435e832df"
  },
  {
    "store": "Willys",
    "name": "CHAMPINJONER 250G",
    "price": "14.90:-",
    "unit": null,
    "description": "250 g • 59,60 kr/kg",
    "ord_pris": null,
    "jfr_pris": "59,60",
    "image": "https://image-transformer-api.tjek.com/?u=s3%3A%2F%2Fsgn-prd-assets%2Fuploads%2F2Fi0yJ96%2Fp-8.webp&w=300&x1r=0.0113&x2r=0.2865&y1r=0.1956&y2r=0.4109&s=cd69778d1681c2d37f6525d82dce9995"
  },
  {
    "store": "Willys",
    "name": "SVENSK POTATIS 900G",
    "price": "14.90:-",
    "unit": null,
    "description": "900 g • 16,56 kr/kg",
    "ord_pris": null,
    "jfr_pris": "16,56",
    "image": "https://image-transformer-api.tjek.com/?u=s3%3A%2F%2Fsgn-prd-assets%2Fuploads%2F2Fi0yJ96%2Fp-8.webp&w=300&x1r=0.2613&x2r=0.7323&y1r=0.1185&y2r=0.5267&s=2b0e81380f640beeb66da1a869c0bb8c"
  },
  {
    "store": "Willys",
    "name": "GUL KIWI 500G",
    "price": "19.90:-",
    "unit": null,
    "description": "500 g • 39,80 kr/kg",
    "ord_pris": null,
    "jfr_pris": "39,80",
    "image": "https://image-transformer-api.tjek.com/?u=s3%3A%2F%2Fsgn-prd-assets%2Fuploads%2F2Fi0yJ96%2Fp-8.webp&w=300&x1r=0.015&x2r=0.2757&y1r=0.4113&y2r=0.5858&s=72ee1d3433380bf7b1757269a2343272"
  },
  {
    "store": "Willys",
    "name": "RÖDA APELSINER 1KG",
    "price": "19.90:-",
    "unit": null,
    "description": "1 kg • 19,90 kr/kg",
    "ord_pris": null,
    "jfr_pris": "19,90",
    "image": "https://image-transformer-api.tjek.com/?u=s3%3A%2F%2Fsgn-prd-assets%2Fuploads%2F2Fi0yJ96%2Fp-8.webp&w=300&x1r=0.0114&x2r=0.274&y1r=0.58&y2r=0.8027&s=014d8ea79278f28a0d893703db79baef"
  },
  {
    "store": "Willys",
    "name": "EKOLOGISKA ÄPPLEN ROYAL GALA",
    "price": "29.90:-",
    "unit": null,
    "description": "1 kg • 29,90 kr/kg",
    "ord_pris": null,
    "jfr_pris": "29,90",
    "image": "https://image-transformer-api.tjek.com/?u=s3%3A%2F%2Fsgn-prd-assets%2Fuploads%2F2Fi0yJ96%2Fp-8.webp&w=300&x1r=0.6904&x2r=1&y1r=0.4899&y2r=0.8066&s=c93ab9a80eb12f7e3a77d9b9c650a8d8"
  },
  {
    "store": "Willys",
    "name": "BLODPUDDING",
    "price": "17.90:-",
    "unit": null,
    "description": "500 g • 35,80 kr/kg",
    "ord_pris": null,
    "jfr_pris": "35,80",
    "image": "https://image-transformer-api.tjek.com/?u=s3%3A%2F%2Fsgn-prd-assets%2Fuploads%2F2Fi0yJ96%2Fp-6.webp&w=300&x1r=0.0083&x2r=0.3619&y1r=0.4853&y2r=0.6371&s=e1cfad93df23e979730d3ca898b4ca94"
  },
  {
    "store": "Willys",
    "name": "FALUKORV",
    "price": "19.90:-",
    "unit": null,
    "description": null,
    "ord_pris": null,
    "jfr_pris": null,
    "image": "https://image-transformer-api.tjek.com/?u=s3%3A%2F%2Fsgn-prd-assets%2Fuploads%2F2Fi0yJ96%2Fp-1.webp&w=300&x1r=0.6248&x2r=0.9789&y1r=0.6636&y2r=0.927&s=db2d2c4230a1e6372797d1a4aef7b727"
  },
  {
    "store": "Willys",
    "name": "SALSICCIAFÄRS",
    "price": "24.90:-",
    "unit": null,
    "description": null,
    "ord_pris": null,
    "jfr_pris": null,
    "image": "https://image-transformer-api.tjek.com/?u=s3%3A%2F%2Fsgn-prd-assets%2Fuploads%2F2Fi0yJ96%2Fp-3.webp&w=300&x1r=0.1799&x2r=0.4323&y1r=0.7181&y2r=0.9493&s=14bbf1cd6aa9187900e3f651f468f8f7"
  },
  {
    "store": "Willys",
    "name": "SKIVAT SMÖRGÅSPÅLÄGG",
    "price": "24.90:-",
    "unit": null,
    "description": "90-105 g • 276,67 kr/kg",
    "ord_pris": null,
    "jfr_pris": "276,67",
    "image": "https://image-transformer-api.tjek.com/?u=s3%3A%2F%2Fsgn-prd-assets%2Fuploads%2F2Fi0yJ96%2Fp-4.webp&w=300&x1r=0.675&x2r=0.9859&y1r=0.014&y2r=0.2727&s=e3f106dc6da1ed2abc8a57f569b825ba"
  },
  {
    "store": "Willys",
    "name": "GRILLKORV",
    "price": "26.90:-",
    "unit": null,
    "description": "400 g • 67,25 kr/kg",
    "ord_pris": null,
    "jfr_pris": "67,25",
    "image": "https://image-transformer-api.tjek.com/?u=s3%3A%2F%2Fsgn-prd-assets%2Fuploads%2F2Fi0yJ96%2Fp-6.webp&w=300&x1r=0.6972&x2r=0.9935&y1r=0.3063&y2r=0.4962&s=819b96f79ffb81e5a56b6d1a6d2645b0"
  },
  {
    "store": "Willys",
    "name": "KRYDDKORV",
    "price": "39.90:-",
    "unit": null,
    "description": "450 g • 88,67 kr/kg",
    "ord_pris": null,
    "jfr_pris": "88,67",
    "image": "https://image-transformer-api.tjek.com/?u=s3%3A%2F%2Fsgn-prd-assets%2Fuploads%2F2Fi0yJ96%2Fp-6.webp&w=300&x1r=0.6994&x2r=1&y1r=0.4963&y2r=0.6753&s=c18e7f59ea83b1c15c0ab96cff2b4272"
  },
  {
    "store": "Willys",
    "name": "GYROS, DRUMSTICKS",
    "price": "44.90:-",
    "unit": null,
    "description": null,
    "ord_pris": null,
    "jfr_pris": null,
    "image": "https://image-transformer-api.tjek.com/?u=s3%3A%2F%2Fsgn-prd-assets%2Fuploads%2F2Fi0yJ96%2Fp-3.webp&w=300&x1r=0.6857&x2r=0.9926&y1r=0.5171&y2r=0.7159&s=d63c35cd9549a809b354b5225f0905b9"
  },
  {
    "store": "Willys",
    "name": "FLÄSKFÄRS",
    "price": "57.90:-",
    "unit": null,
    "description": null,
    "ord_pris": null,
    "jfr_pris": null,
    "image": "https://image-transformer-api.tjek.com/?u=s3%3A%2F%2Fsgn-prd-assets%2Fuploads%2F2Fi0yJ96%2Fp-3.webp&w=300&x1r=0.3565&x2r=0.9706&y1r=0.0014&y2r=0.3312&s=ca4b4c3a538d450a55248863938e0f4e"
  },
  {
    "store": "Willys",
    "name": "KYCKLINGFÄRS",
    "price": "89.90:-",
    "unit": null,
    "description": null,
    "ord_pris": null,
    "jfr_pris": null,
    "image": "https://image-transformer-api.tjek.com/?u=s3%3A%2F%2Fsgn-prd-assets%2Fuploads%2F2Fi0yJ96%2Fp-3.webp&w=300&x1r=0.0214&x2r=0.3669&y1r=0.2904&y2r=0.5182&s=64de28424b0d5c0890a5e01ce2c44931"
  },
  {
    "store": "Willys",
    "name": "LAMMFRAMDEL MED BEN",
    "price": "89.90:-",
    "unit": null,
    "description": null,
    "ord_pris": null,
    "jfr_pris": null,
    "image": "https://image-transformer-api.tjek.com/?u=s3%3A%2F%2Fsgn-prd-assets%2Fuploads%2F2Fi0yJ96%2Fp-3.webp&w=300&x1r=0.3697&x2r=0.6823&y1r=0.5226&y2r=0.7293&s=45dabdc870eaa0516aba78e39daf460c"
  },
  {
    "store": "Willys",
    "name": "GRÄDDE",
    "price": "24.90:-",
    "unit": null,
    "description": "5 dl • 49,80 kr/l",
    "ord_pris": null,
    "jfr_pris": null,
    "image": "https://image-transformer-api.tjek.com/?u=s3%3A%2F%2Fsgn-prd-assets%2Fuploads%2F2Fi0yJ96%2Fp-7.webp&w=300&x1r=0.3429&x2r=0.6094&y1r=0.2591&y2r=0.4737&s=d85325e1139a62aa2890bc068bc8a929"
  },
  {
    "store": "Willys",
    "name": "SMAKSATT YOGHURT",
    "price": "22.90:-",
    "unit": null,
    "description": "1 kg • 22,90 kr/kg",
    "ord_pris": null,
    "jfr_pris": "22,90",
    "image": "https://image-transformer-api.tjek.com/?u=s3%3A%2F%2Fsgn-prd-assets%2Fuploads%2F2Fi0yJ96%2Fp-4.webp&w=300&x1r=0.4035&x2r=0.6223&y1r=0.6418&y2r=0.9556&s=4f34215e7a69bcb8ca1df200fa783806"
  },
  {
    "store": "Willys",
    "name": "KOKOSMJÖLK, KOKOSGRÄDDE",
    "price": "24:-",
    "unit": null,
    "description": null,
    "ord_pris": null,
    "jfr_pris": null,
    "image": "https://image-transformer-api.tjek.com/?u=s3%3A%2F%2Fsgn-prd-assets%2Fuploads%2F2Fi0yJ96%2Fp-2.webp&w=300&x1r=0.5363&x2r=0.9696&y1r=0.0091&y2r=0.2904&s=e117fcd1733d1a6ea6b30e222dfda13a"
  },
  {
    "store": "Willys",
    "name": "RISMÅL",
    "price": "26:-",
    "unit": null,
    "description": "3x175 g • 49,52 kr/kg",
    "ord_pris": null,
    "jfr_pris": "49,52",
    "image": "https://image-transformer-api.tjek.com/?u=s3%3A%2F%2Fsgn-prd-assets%2Fuploads%2F2Fi0yJ96%2Fp-4.webp&w=300&x1r=0.3743&x2r=0.693&y1r=0.0092&y2r=0.2684&s=be60aa80d4dbe32f1be4107f5bbfb5ef"
  },
  {
    "store": "Willys",
    "name": "TURKISK YOGHURT",
    "price": "31.90:-",
    "unit": null,
    "description": "1 kg • 31,90 kr/kg",
    "ord_pris": null,
    "jfr_pris": "31,90",
    "image": "https://image-transformer-api.tjek.com/?u=s3%3A%2F%2Fsgn-prd-assets%2Fuploads%2F2Fi0yJ96%2Fp-7.webp&w=300&x1r=0.3414&x2r=0.595&y1r=0.4662&y2r=0.6854&s=87ecaaae108fa99297b6a9574019962f"
  },
  {
    "store": "Willys",
    "name": "QUATTROCENTO",
    "price": "34.90:-",
    "unit": null,
    "description": null,
    "ord_pris": null,
    "jfr_pris": null,
    "image": "https://image-transformer-api.tjek.com/?u=s3%3A%2F%2Fsgn-prd-assets%2Fuploads%2F2Fi0yJ96%2Fp-3.webp&w=300&x1r=0.7548&x2r=0.9949&y1r=0.7088&y2r=0.9548&s=dec1969e8713d903a5303497607645f7"
  },
  {
    "store": "Willys",
    "name": "FÄRSKOST",
    "price": "39:-",
    "unit": null,
    "description": "2x175-200 g • 111,43 kr/kg",
    "ord_pris": null,
    "jfr_pris": "111,43",
    "image": "https://image-transformer-api.tjek.com/?u=s3%3A%2F%2Fsgn-prd-assets%2Fuploads%2F2Fi0yJ96%2Fp-4.webp&w=300&x1r=0.6627&x2r=0.9923&y1r=0.3876&y2r=0.6434&s=60eb15dec489019af514cdbed619b720"
  },
  {
    "store": "Willys",
    "name": "SKIVAD OST",
    "price": "44.90:-",
    "unit": null,
    "description": "300 g • 149,67 kr/kg",
    "ord_pris": null,
    "jfr_pris": "149,67",
    "image": "https://image-transformer-api.tjek.com/?u=s3%3A%2F%2Fsgn-prd-assets%2Fuploads%2F2Fi0yJ96%2Fp-4.webp&w=300&x1r=0.4055&x2r=0.6695&y1r=0.3869&y2r=0.6441&s=a6c05f2bf7968f003e8c34045f8dad2d"
  },
  {
    "store": "Willys",
    "name": "FAMILJEFAVORITER",
    "price": "79.90:-",
    "unit": null,
    "description": null,
    "ord_pris": null,
    "jfr_pris": null,
    "image": "https://image-transformer-api.tjek.com/?u=s3%3A%2F%2Fsgn-prd-assets%2Fuploads%2F2Fi0yJ96%2Fp-1.webp&w=300&x1r=0.0111&x2r=0.5823&y1r=0.3166&y2r=0.6449&s=b0874434b12f82f6b89e835fc7d36e2d"
  },
  {
    "store": "Willys",
    "name": "DUMPLINGS",
    "price": "9.90:-",
    "unit": null,
    "description": "200 g • 49,50 kr/kg",
    "ord_pris": null,
    "jfr_pris": "49,50",
    "image": "https://image-transformer-api.tjek.com/?u=s3%3A%2F%2Fsgn-prd-assets%2Fuploads%2F2Fi0yJ96%2Fp-2.webp&w=300&x1r=0.2572&x2r=0.5534&y1r=0.5078&y2r=0.72&s=77fd1c22ac5d77caf0384db25f51c7d5"
  },
  {
    "store": "Willys",
    "name": "GLASS",
    "price": "24.90:-",
    "unit": null,
    "description": "0.9 l • 27,67 kr/l",
    "ord_pris": null,
    "jfr_pris": null,
    "image": "https://image-transformer-api.tjek.com/?u=s3%3A%2F%2Fsgn-prd-assets%2Fuploads%2F2Fi0yJ96%2Fp-5.webp&w=300&x1r=0.3229&x2r=0.693&y1r=0.7392&y2r=0.9472&s=a700a080f05d1f7631556cade749da21"
  },
  {
    "store": "Willys",
    "name": "SURIMI FORMADE SOM RÄKOR",
    "price": "29.90:-",
    "unit": null,
    "description": "275 g • 108,73 kr/kg",
    "ord_pris": null,
    "jfr_pris": "108,73",
    "image": "https://image-transformer-api.tjek.com/?u=s3%3A%2F%2Fsgn-prd-assets%2Fuploads%2F2Fi0yJ96%2Fp-2.webp&w=300&x1r=0.5565&x2r=0.7806&y1r=0.7285&y2r=0.955&s=e09eec559c106eab244ffbbc2e19645a"
  },
  {
    "store": "Willys",
    "name": "VÅRRULLAR 8-PACK",
    "price": "29.90:-",
    "unit": null,
    "description": null,
    "ord_pris": null,
    "jfr_pris": null,
    "image": "https://image-transformer-api.tjek.com/?u=s3%3A%2F%2Fsgn-prd-assets%2Fuploads%2F2Fi0yJ96%2Fp-2.webp&w=300&x1r=0.2253&x2r=0.465&y1r=0.2246&y2r=0.5044&s=e1d7ed52b4185659049fe5d28db2e878"
  },
  {
    "store": "Willys",
    "name": "HJÄRTFORMAD GLASS 3-PACK",
    "price": "34.90:-",
    "unit": null,
    "description": "240 ml • 145,42 kr/l",
    "ord_pris": null,
    "jfr_pris": null,
    "image": "https://image-transformer-api.tjek.com/?u=s3%3A%2F%2Fsgn-prd-assets%2Fuploads%2F2Fi0yJ96%2Fp-5.webp&w=300&x1r=0.714&x2r=0.991&y1r=0.2696&y2r=0.5101&s=97d61be3e625004d6cf68471400b7cef"
  },
  {
    "store": "Willys",
    "name": "FÄRSK PIZZA",
    "price": "39.90:-",
    "unit": null,
    "description": null,
    "ord_pris": null,
    "jfr_pris": null,
    "image": "https://image-transformer-api.tjek.com/?u=s3%3A%2F%2Fsgn-prd-assets%2Fuploads%2F2Fi0yJ96%2Fp-6.webp&w=300&x1r=0.6955&x2r=0.9993&y1r=0.6804&y2r=0.9512&s=1dc31225a213dcc6ceca003ee701597f"
  },
  {
    "store": "Willys",
    "name": "KYCKLINGKÖTTBULLAR",
    "price": "39.90:-",
    "unit": null,
    "description": null,
    "ord_pris": null,
    "jfr_pris": null,
    "image": "https://image-transformer-api.tjek.com/?u=s3%3A%2F%2Fsgn-prd-assets%2Fuploads%2F2Fi0yJ96%2Fp-6.webp&w=300&x1r=0.0048&x2r=0.395&y1r=0.6385&y2r=0.9494&s=efac03aca26ee8f910c2e954f31048f1"
  },
  {
    "store": "Willys",
    "name": "FISKPINNAR, CRISPIES",
    "price": "53.90:-",
    "unit": null,
    "description": "555-896 g • 97,12 kr/kg",
    "ord_pris": null,
    "jfr_pris": "97,12",
    "image": "https://image-transformer-api.tjek.com/?u=s3%3A%2F%2Fsgn-prd-assets%2Fuploads%2F2Fi0yJ96%2Fp-7.webp&w=300&x1r=0.0137&x2r=0.3313&y1r=0.5004&y2r=0.6904&s=469ba314f3c54de0f015aa8d7ddaf6e4"
  },
  {
    "store": "Willys",
    "name": "LAXFILÉER, SPÄTTA",
    "price": "74.90:-",
    "unit": null,
    "description": "250-450 g • 299,60 kr/kg",
    "ord_pris": null,
    "jfr_pris": "299,60",
    "image": "https://image-transformer-api.tjek.com/?u=s3%3A%2F%2Fsgn-prd-assets%2Fuploads%2F2Fi0yJ96%2Fp-7.webp&w=300&x1r=0.0265&x2r=0.3416&y1r=0.2767&y2r=0.5094&s=57a58538021d4c09fb63b34f4e580f9d"
  },
  {
    "store": "Willys",
    "name": "ENPORTIONSRÄTTER",
    "price": "79:-",
    "unit": null,
    "description": "3x380-420 g • 69,30 kr/kg",
    "ord_pris": null,
    "jfr_pris": "69,30",
    "image": "https://image-transformer-api.tjek.com/?u=s3%3A%2F%2Fsgn-prd-assets%2Fuploads%2F2Fi0yJ96%2Fp-7.webp&w=300&x1r=0.5688&x2r=0.9995&y1r=0.2559&y2r=0.6895&s=b8108b34a3618cf2d53a36ea9876ca90"
  },
  {
    "store": "Willys",
    "name": "BAMBUSKOTT",
    "price": "11.90:-",
    "unit": null,
    "description": "200 g • 59,50 kr/kg",
    "ord_pris": null,
    "jfr_pris": "59,50",
    "image": "https://image-transformer-api.tjek.com/?u=s3%3A%2F%2Fsgn-prd-assets%2Fuploads%2F2Fi0yJ96%2Fp-2.webp&w=300&x1r=0.7702&x2r=0.9971&y1r=0.7268&y2r=0.9552&s=0abe285968cb3ac4ec3dddf3e334847e"
  },
  {
    "store": "Willys",
    "name": "PANKO",
    "price": "12.90:-",
    "unit": null,
    "description": null,
    "ord_pris": null,
    "jfr_pris": null,
    "image": "https://image-transformer-api.tjek.com/?u=s3%3A%2F%2Fsgn-prd-assets%2Fuploads%2F2Fi0yJ96%2Fp-2.webp&w=300&x1r=0.6719&x2r=0.9959&y1r=0.2893&y2r=0.4946&s=d1f271daac144a6084adffe9d0482e5f"
  },
  {
    "store": "Willys",
    "name": "EKOLOGISK INGEFÄRA 200G",
    "price": "14.90:-",
    "unit": null,
    "description": "200 g • 74,50 kr/kg",
    "ord_pris": null,
    "jfr_pris": "74,50",
    "image": "https://image-transformer-api.tjek.com/?u=s3%3A%2F%2Fsgn-prd-assets%2Fuploads%2F2Fi0yJ96%2Fp-8.webp&w=300&x1r=0.728&x2r=0.9926&y1r=0.2565&y2r=0.4863&s=88af7bf39e37d64b3c1901140e4e3170"
  },
  {
    "store": "Willys",
    "name": "HOVMÄSTARSÅS, ROMSÅS",
    "price": "14.90:-",
    "unit": null,
    "description": null,
    "ord_pris": null,
    "jfr_pris": null,
    "image": "https://image-transformer-api.tjek.com/?u=s3%3A%2F%2Fsgn-prd-assets%2Fuploads%2F2Fi0yJ96%2Fp-7.webp&w=300&x1r=0.3085&x2r=0.6101&y1r=0.6947&y2r=0.9543&s=dfbc220f979d037b4dc5ec10a559300b"
  },
  {
    "store": "Willys",
    "name": "GLASNUDLAR",
    "price": "16:-",
    "unit": null,
    "description": null,
    "ord_pris": null,
    "jfr_pris": null,
    "image": "https://image-transformer-api.tjek.com/?u=s3%3A%2F%2Fsgn-prd-assets%2Fuploads%2F2Fi0yJ96%2Fp-2.webp&w=300&x1r=0.0083&x2r=0.2529&y1r=0.2039&y2r=0.5074&s=4574b3e8a8e9ccafcbcbf0ee94c2f413"
  },
  {
    "store": "Willys",
    "name": "RISNUDLAR",
    "price": "17.90:-",
    "unit": null,
    "description": "180 g • 99,44 kr/kg",
    "ord_pris": null,
    "jfr_pris": "99,44",
    "image": "https://image-transformer-api.tjek.com/?u=s3%3A%2F%2Fsgn-prd-assets%2Fuploads%2F2Fi0yJ96%2Fp-2.webp&w=300&x1r=0.0169&x2r=0.2542&y1r=0.7299&y2r=0.9564&s=dfab6dbffb05d7e7ccb48eea944aebc1"
  },
  {
    "store": "Willys",
    "name": "KYLDA SÅSER",
    "price": "22.90:-",
    "unit": null,
    "description": "250 ml • 91,60 kr/l",
    "ord_pris": null,
    "jfr_pris": null,
    "image": "https://image-transformer-api.tjek.com/?u=s3%3A%2F%2Fsgn-prd-assets%2Fuploads%2F2Fi0yJ96%2Fp-6.webp&w=300&x1r=0.0172&x2r=0.2372&y1r=0.2548&y2r=0.4866&s=c7af9c6d4023fce86cbeb2febbd24519"
  },
  {
    "store": "Willys",
    "name": "MAJO PÅ FLASKA",
    "price": "22.90:-",
    "unit": null,
    "description": null,
    "ord_pris": null,
    "jfr_pris": null,
    "image": "https://image-transformer-api.tjek.com/?u=s3%3A%2F%2Fsgn-prd-assets%2Fuploads%2F2Fi0yJ96%2Fp-2.webp&w=300&x1r=0.4482&x2r=0.6765&y1r=0.238&y2r=0.502&s=0bf442c28edc20b30def6101f1371a33"
  },
  {
    "store": "Willys",
    "name": "POTATISSALLAD",
    "price": "22.90:-",
    "unit": null,
    "description": null,
    "ord_pris": null,
    "jfr_pris": null,
    "image": "https://image-transformer-api.tjek.com/?u=s3%3A%2F%2Fsgn-prd-assets%2Fuploads%2F2Fi0yJ96%2Fp-6.webp&w=300&x1r=0.3834&x2r=0.7063&y1r=0.6871&y2r=0.9471&s=3c7375a847b359028476888edb524ea8"
  },
  {
    "store": "Willys",
    "name": "FÄRSK PASTA",
    "price": "25:-",
    "unit": null,
    "description": null,
    "ord_pris": null,
    "jfr_pris": null,
    "image": "https://image-transformer-api.tjek.com/?u=s3%3A%2F%2Fsgn-prd-assets%2Fuploads%2F2Fi0yJ96%2Fp-3.webp&w=300&x1r=0.4342&x2r=0.7614&y1r=0.7273&y2r=0.9529&s=77bb1d0b0a746c2fe0b51604419d9172"
  },
  {
    "store": "Willys",
    "name": "PEPSI MAX 20-PACK",
    "price": "79.90:-",
    "unit": null,
    "description": null,
    "ord_pris": null,
    "jfr_pris": null,
    "image": "https://image-transformer-api.tjek.com/?u=s3%3A%2F%2Fsgn-prd-assets%2Fuploads%2F2Fi0yJ96%2Fp-1.webp&w=300&x1r=0.5234&x2r=0.7892&y1r=0.4538&y2r=0.665&s=d6f9521f1ad496903f95a64f7ce57f0d"
  },
  {
    "store": "Willys",
    "name": "HAVREDRYCK",
    "price": "16.90:-",
    "unit": null,
    "description": "1 l • 16,90 kr/l",
    "ord_pris": null,
    "jfr_pris": null,
    "image": "https://image-transformer-api.tjek.com/?u=s3%3A%2F%2Fsgn-prd-assets%2Fuploads%2F2Fi0yJ96%2Fp-4.webp&w=300&x1r=0.6045&x2r=0.817&y1r=0.632&y2r=0.9522&s=89b0fed0aa2d03c6827617587b9bf21e"
  },
  {
    "store": "Willys",
    "name": "PROTEINSHAKE",
    "price": "19.90:-",
    "unit": null,
    "description": "500 g • 39,80 kr/kg",
    "ord_pris": null,
    "jfr_pris": "39,80",
    "image": "https://image-transformer-api.tjek.com/?u=s3%3A%2F%2Fsgn-prd-assets%2Fuploads%2F2Fi0yJ96%2Fp-4.webp&w=300&x1r=0.801&x2r=0.9947&y1r=0.6349&y2r=0.9546&s=3d5ee31e43cc3f4ce76950c07816a062"
  },
  {
    "store": "Willys",
    "name": "FRUKTDRYCK",
    "price": "24.90:-",
    "unit": null,
    "description": null,
    "ord_pris": null,
    "jfr_pris": null,
    "image": "https://image-transformer-api.tjek.com/?u=s3%3A%2F%2Fsgn-prd-assets%2Fuploads%2F2Fi0yJ96%2Fp-1.webp&w=300&x1r=0.0223&x2r=0.2279&y1r=0.6222&y2r=0.931&s=921b6e459fba10d620fea9033af5676f"
  },
  {
    "store": "Willys",
    "name": "APELSINJUICE, ÄPPELJUICE",
    "price": "39.90:-",
    "unit": null,
    "description": null,
    "ord_pris": null,
    "jfr_pris": null,
    "image": "https://image-transformer-api.tjek.com/?u=s3%3A%2F%2Fsgn-prd-assets%2Fuploads%2F2Fi0yJ96%2Fp-4.webp&w=300&x1r=0&x2r=0.4163&y1r=0.1782&y2r=0.5606&s=5bfbe108eae3bc54df2585c6ba63019f"
  },
  {
    "store": "Willys",
    "name": "JÄTTEFRANSKA, RASKER",
    "price": "22.90:-",
    "unit": null,
    "description": null,
    "ord_pris": null,
    "jfr_pris": null,
    "image": "https://image-transformer-api.tjek.com/?u=s3%3A%2F%2Fsgn-prd-assets%2Fuploads%2F2Fi0yJ96%2Fp-4.webp&w=300&x1r=0.011&x2r=0.3998&y1r=0.5284&y2r=0.7059&s=7699a2173cb7f600e55be76f00f3b1ab"
  },
  {
    "store": "Willys",
    "name": "VETEKAKA 24-PACK, RÅGKAKA 30-PACK",
    "price": "19.90:-",
    "unit": null,
    "description": null,
    "ord_pris": null,
    "jfr_pris": null,
    "image": "https://image-transformer-api.tjek.com/?u=s3%3A%2F%2Fsgn-prd-assets%2Fuploads%2F2Fi0yJ96%2Fp-1.webp&w=300&x1r=0.4313&x2r=0.631&y1r=0.62&y2r=0.9306&s=d940928b99ef5784343498591dd0faa2"
  },
  {
    "store": "Willys",
    "name": "KITKAT, LION, SMARTIES",
    "price": "16:-",
    "unit": null,
    "description": "2x38-42 g • 210,53 kr/kg",
    "ord_pris": null,
    "jfr_pris": "210,53",
    "image": "https://image-transformer-api.tjek.com/?u=s3%3A%2F%2Fsgn-prd-assets%2Fuploads%2F2Fi0yJ96%2Fp-5.webp&w=300&x1r=0.6845&x2r=0.999&y1r=0.7262&y2r=0.9496&s=38f2e1aa613a9d903ebf12bb2a346c59"
  },
  {
    "store": "Willys",
    "name": "DONUTS",
    "price": "20:-",
    "unit": null,
    "description": null,
    "ord_pris": null,
    "jfr_pris": null,
    "image": "https://image-transformer-api.tjek.com/?u=s3%3A%2F%2Fsgn-prd-assets%2Fuploads%2F2Fi0yJ96%2Fp-5.webp&w=300&x1r=0.287&x2r=0.7186&y1r=0.3907&y2r=0.7357&s=eaf2febdf2f6e5de63371b792244896c"
  },
  {
    "store": "Willys",
    "name": "SMASH, CHOCO CRUNCH",
    "price": "23.90:-",
    "unit": null,
    "description": "90-100 g • 265,56 kr/kg",
    "ord_pris": null,
    "jfr_pris": "265,56",
    "image": "https://image-transformer-api.tjek.com/?u=s3%3A%2F%2Fsgn-prd-assets%2Fuploads%2F2Fi0yJ96%2Fp-5.webp&w=300&x1r=0.0149&x2r=0.2904&y1r=0.2692&y2r=0.4981&s=28404a56676d65182851402b059d8244"
  },
  {
    "store": "Willys",
    "name": "SALTA PINNAR",
    "price": "30:-",
    "unit": null,
    "description": null,
    "ord_pris": null,
    "jfr_pris": null,
    "image": "https://image-transformer-api.tjek.com/?u=s3%3A%2F%2Fsgn-prd-assets%2Fuploads%2F2Fi0yJ96%2Fp-5.webp&w=300&x1r=0.3029&x2r=0.7068&y1r=0.0046&y2r=0.2655&s=b00c5c803c1a97834cfd7969440b7dce"
  },
  {
    "store": "Willys",
    "name": "MIKROPOPCORN 3-PACK",
    "price": "35:-",
    "unit": null,
    "description": "2x270 g • 64,81 kr/kg",
    "ord_pris": null,
    "jfr_pris": "64,81",
    "image": "https://image-transformer-api.tjek.com/?u=s3%3A%2F%2Fsgn-prd-assets%2Fuploads%2F2Fi0yJ96%2Fp-5.webp&w=300&x1r=0.0185&x2r=0.3112&y1r=0.496&y2r=0.7277&s=6efd889bf818e7c4822a8f90479a0ebb"
  },
  {
    "store": "Willys",
    "name": "PROTEIN WAFERS",
    "price": "50:-",
    "unit": null,
    "description": "3x40 g • 416,67 kr/kg",
    "ord_pris": null,
    "jfr_pris": "416,67",
    "image": "https://image-transformer-api.tjek.com/?u=s3%3A%2F%2Fsgn-prd-assets%2Fuploads%2F2Fi0yJ96%2Fp-5.webp&w=300&x1r=0.0108&x2r=0.3326&y1r=0.7216&y2r=0.9514&s=82bbda2484195510a78b0e85b8dda57b"
  },
  {
    "store": "Willys",
    "name": "CHIPS, NÖTMIX",
    "price": "65:-",
    "unit": null,
    "description": "3x140-150 g • 154,76 kr/kg",
    "ord_pris": null,
    "jfr_pris": "154,76",
    "image": "https://image-transformer-api.tjek.com/?u=s3%3A%2F%2Fsgn-prd-assets%2Fuploads%2F2Fi0yJ96%2Fp-5.webp&w=300&x1r=0.0077&x2r=0.3185&y1r=0.0037&y2r=0.2731&s=b4463bef7b35e19a5c8090af6146e143"
  },
  {
    "store": "Willys",
    "name": "TOALETTPAPPER 18-PACK",
    "price": "105:-",
    "unit": null,
    "description": "Per förp. SPARA 13:90. SERLA • 18p • Jämförpris 33:84 kr/kg Lägsta 30-dgrspris 118:90 kr. | Per förp. SPARA 13:90. SERLA • 18p • Jämförpris 33:84 kr/kg Lägsta 30-dgrspris 118:90 kr.",
    "ord_pris": "118:90",
    "jfr_pris": "33:84",
    "image": "https://image-transformer-api.tjek.com/?u=s3%3A%2F%2Fsgn-prd-assets%2Fuploads%2F2Fi0yJ96%2Fp-6.webp&w=300&x1r=0.0081&x2r=0.3697&y1r=0.0107&y2r=0.2643&s=858ae46d8b920da8e9c4cbfd31d84aae"
  },
  {
    "store": "Willys",
    "name": "KRYSANTEMUM",
    "price": "39.90:-",
    "unit": null,
    "description": null,
    "ord_pris": null,
    "jfr_pris": null,
    "image": "https://image-transformer-api.tjek.com/?u=s3%3A%2F%2Fsgn-prd-assets%2Fuploads%2F2Fi0yJ96%2Fp-8.webp&w=300&x1r=0.4764&x2r=0.7098&y1r=0.511&y2r=0.7958&s=277b0c922558e0d6234754e520a5fbd3"
  },
  {
    "store": "ICA Globen",
    "name": "Mogen mango",
    "price": "25:-",
    "unit": "2 för",
    "description": "325 g | Klass 1 | ICA | Jfr pris 38:46/kg | Ord.pris 21:90 kr.",
    "ord_pris": "21:90",
    "jfr_pris": "38:46",
    "image": "https://image-transformer-api.tjek.com/?u=s3%3A%2F%2Fsgn-prd-assets%2Fuploads%2Fbusiness_images%2F1d1dvA%2F22cef495dfee897c8b05b7be5ecf2323&w=272&s=97b2fc272bed2ea91825f73f1c0a0994"
  },
  {
    "store": "ICA Globen",
    "name": "Riven ost",
    "price": "20:-",
    "unit": "/st",
    "description": "150 g | Cheddar/mozzarella, gratäng, matlagning, pizza och taco | ICA | Jfr pris 133:33/kg | Ord.pris 27:90 kr.",
    "ord_pris": "27:90",
    "jfr_pris": "133:33",
    "image": "https://image-transformer-api.tjek.com/?u=s3%3A%2F%2Fsgn-prd-assets%2Fuploads%2Fbusiness_images%2F1d1dvA%2Fdf820dba068ad7c8cad20375dd821877&w=272&s=69a231a2c353a7d3d2df2563b6fd0793"
  },
  {
    "store": "ICA Globen",
    "name": "Bindor, Trosskydd, Intimtvätt",
    "price": "45:-",
    "unit": "2 för",
    "description": "9-50-pack, 200 ml | Gäller ej Big pack | Libresse | Jfr pris 112:50/liter, 0:45-2:50/st | Ord.pris 29:90-32:90 kr.",
    "ord_pris": "29:90-32:90",
    "jfr_pris": "112:50",
    "image": "https://image-transformer-api.tjek.com/?u=s3%3A%2F%2Fsgn-prd-assets%2Fuploads%2Fbusiness_images%2F1d1dvA%2F84c11ea0e87848cfd9958b8da6a6e023&w=272&s=af93cc703b735e63e788ee6099f97052"
  },
  {
    "store": "ICA Globen",
    "name": "Torskfilé",
    "price": "89:-",
    "unit": "/st",
    "description": "375 g | Kedjepack, fryst | Royal Greenland | Jfr pris 237:33/kg | Ord.pris 123:90 kr. 30dgr.pris 113:90 kr.",
    "ord_pris": "123:90",
    "jfr_pris": "237:33",
    "image": "https://image-transformer-api.tjek.com/?u=s3%3A%2F%2Fsgn-prd-assets%2Fuploads%2Fbusiness_images%2F1d1dvA%2F5bbb3cef544437b7eba611be3f15b3d0&w=276&s=67fa00d86e340d929c48bc68df872c52"
  },
  {
    "store": "ICA Globen",
    "name": "Frysta grönsaker",
    "price": "40:-",
    "unit": "2 för",
    "description": "500-600 g | Gäller ej rotfrukt | Apetit | Jfr pris 33:33-40:00/kg | Ord.pris 25:90-30:90 kr.",
    "ord_pris": "25:90-30:90",
    "jfr_pris": "33:33-40:00",
    "image": "https://image-transformer-api.tjek.com/?u=s3%3A%2F%2Fsgn-prd-assets%2Fuploads%2Fbusiness_images%2F1d1dvA%2F6edfaab26b741662a385e50b8af27945&w=276&s=5408e1154199096a7176557f2a9244df"
  },
  {
    "store": "ICA Globen",
    "name": "Pizza",
    "price": "99:-",
    "unit": "3 för",
    "description": "350 g | Fryst | Grandiosa | Jfr pris 94:29/kg | Ord.pris 44:90 kr.",
    "ord_pris": "44:90",
    "jfr_pris": "94:29",
    "image": "https://image-transformer-api.tjek.com/?u=s3%3A%2F%2Fsgn-prd-assets%2Fuploads%2Fbusiness_images%2F1d1dvA%2Ffec29d952ffbfe8f31d70bd452d432ce&w=276&s=de370ff5ef4220e198a340c244452685"
  },
  {
    "store": "ICA Globen",
    "name": "Potatisbullar",
    "price": "55:-",
    "unit": "2 för",
    "description": "810 g | Felix | Jfr pris 33:95/kg | Ord.pris 38:90 kr.",
    "ord_pris": "38:90",
    "jfr_pris": "33:95",
    "image": "https://image-transformer-api.tjek.com/?u=s3%3A%2F%2Fsgn-prd-assets%2Fuploads%2Fbusiness_images%2F1d1dvA%2F014962db988bdc43f96675cb8c1ae31d&w=276&s=bc83528d9163ebbade86fd267a800ce4"
  },
  {
    "store": "ICA Globen",
    "name": "Frysta Blåbär",
    "price": "30:-",
    "unit": "/st",
    "description": "250 g | ICA | Jfr pris 120:00/kg | Ord.pris 34:90 kr. 30dgr.pris 34:90 kr.",
    "ord_pris": "34:90",
    "jfr_pris": "120:00",
    "image": "https://image-transformer-api.tjek.com/?u=s3%3A%2F%2Fsgn-prd-assets%2Fuploads%2Fbusiness_images%2F1d1dvA%2Fca5d97d40822df8fde424bef0d3d4b32&w=276&s=a999e0c22554d71951c637c51a02e56b"
  },
  {
    "store": "ICA Globen",
    "name": "Jollekaka, Hönökaka",
    "price": "20:-",
    "unit": "/st",
    "description": "400, 450 g | Pågen | Jfr pris 44:44-50:00/kg | Ord.pris 26:90-30:90 kr.",
    "ord_pris": "26:90-30:90",
    "jfr_pris": "44:44-50:00",
    "image": "https://image-transformer-api.tjek.com/?u=s3%3A%2F%2Fsgn-prd-assets%2Fuploads%2Fbusiness_images%2F1d1dvA%2F2305eb4b017098cb4b618e385b0665e5&w=572&s=f7f139e4f633b898008695cd533f8834"
  },
  {
    "store": "ICA Globen",
    "name": "Varsågod, Skogaholmslimpa",
    "price": "23:-",
    "unit": "/st",
    "description": "715, 775 g | Skogaholms | Max 2 köp/hushåll | Jfr pris 29:68-32:17/kg | Ord.pris 26:90-28:90 kr.",
    "ord_pris": "26:90-28:90",
    "jfr_pris": "29:68-32:17",
    "image": "https://image-transformer-api.tjek.com/?u=s3%3A%2F%2Fsgn-prd-assets%2Fuploads%2Fbusiness_images%2F1d1dvA%2F4e820a0025c14f0b7a9e8435f7b2b211&w=572&s=8eac629c3d88dc507de2e0000501d6d2"
  },
  {
    "store": "ICA Globen",
    "name": "Blöjor",
    "price": "169:-",
    "unit": "2 för",
    "description": "20-43-pack | Storlek 3-8. Flera olika sorter. Gäller ej Libero Touch, Sleep Tight,,Swimpants | Libero | Max 1 köp/hushåll | Jfr pris 1:97-4:22/st | Ord.pris 102:90 kr.",
    "ord_pris": "102:90",
    "jfr_pris": "1:97-4:22",
    "image": "https://image-transformer-api.tjek.com/?u=s3%3A%2F%2Fsgn-prd-assets%2Fuploads%2Fbusiness_images%2F1d1dvA%2Fa720dcb831c181229133ce0e94e40fcb&w=288&s=29564235767eaddc826185f0c28a8dc0"
  },
  {
    "store": "ICA Globen",
    "name": "Laktosfri mjölkdryck",
    "price": "20:-",
    "unit": "/st",
    "description": "1,5 liter | Valio | Jfr pris 13:33/liter | Ord.pris 26:90 kr.",
    "ord_pris": "26:90",
    "jfr_pris": "13:33",
    "image": "https://image-transformer-api.tjek.com/?u=s3%3A%2F%2Fsgn-prd-assets%2Fuploads%2Fbusiness_images%2F1d1dvA%2Fbc888f6dbf690bbd1bc2ce95160cd97c&w=276&s=fae3e8efb23d8b3bb75aabd097248b56"
  },
  {
    "store": "ICA Globen",
    "name": "Tvättmedel, Sköljmedel",
    "price": "55:-",
    "unit": "2 för",
    "description": "750 ml | Flytande | Grumme | Max 1 köp/hushåll | Jfr pris 0:62-1:31/tvätt | Ord.pris 33:90-38:90 kr.",
    "ord_pris": "33:90-38:90",
    "jfr_pris": "0:62-1:31",
    "image": "https://image-transformer-api.tjek.com/?u=s3%3A%2F%2Fsgn-prd-assets%2Fuploads%2Fbusiness_images%2F1d1dvA%2Fcfbc66512bf7267d530f1a9cb35b3c40&w=176&s=ef072112ba353d2d27ee8ef20f366bb2"
  },
  {
    "store": "ICA Globen",
    "name": "Cognacsmedwurst",
    "price": "169:-",
    "unit": "/kg",
    "description": "Ord.pris 219:00 kr.",
    "ord_pris": "219:00",
    "jfr_pris": null,
    "image": "https://image-transformer-api.tjek.com/?u=s3%3A%2F%2Fsgn-stg-assets%2Fuploads%2F9cb4wA%2FVUdcMn99wJxFpuoeXECEt&w=81&s=183b29985bc0ea2e61d978c1737c5f75"
  },
  {
    "store": "ICA Globen",
    "name": "Äpplen Pink Lady",
    "price": "30:-",
    "unit": "/kg",
    "description": "Klass 1 | Italien/Frankrike | Ord.pris 41:90 kr.",
    "ord_pris": "41:90",
    "jfr_pris": null,
    "image": "https://image-transformer-api.tjek.com/?u=s3%3A%2F%2Fsgn-prd-assets%2Fuploads%2Fbusiness_images%2F1d1dvA%2F0d87340b45791bc8ccf86896fc2f44e8&w=276&s=1088dcd129fd62872632ef0c4594376d"
  },
  {
    "store": "ICA Globen",
    "name": "Färgmixade småtomater i ask",
    "price": "25:-",
    "unit": "/st",
    "description": "350 g | Klass 1 | ICA | Jfr pris 71:43/kg | Ord.pris 35:90 kr.",
    "ord_pris": "35:90",
    "jfr_pris": "71:43",
    "image": "https://image-transformer-api.tjek.com/?u=s3%3A%2F%2Fsgn-prd-assets%2Fuploads%2Fbusiness_images%2F1d1dvA%2Fb64858140309be64a6ea60f7414a5928&w=276&s=a257d1766f00da1afa0d1e295cbb87ad"
  },
  {
    "store": "ICA Globen",
    "name": "Hallon i ask",
    "price": "30:-",
    "unit": "/st",
    "description": "125 g | Klass 1 | ICA | Jfr pris 240:00/kg | Ord.pris 39:90 kr.",
    "ord_pris": "39:90",
    "jfr_pris": "240:00",
    "image": "https://image-transformer-api.tjek.com/?u=s3%3A%2F%2Fsgn-prd-assets%2Fuploads%2Fbusiness_images%2F1d1dvA%2F62d3bf29944ad0f279d0b9300278fae0&w=276&s=02640c1444ef400d13853f2c7bda183e"
  },
  {
    "store": "ICA Globen",
    "name": "Sötpotatis",
    "price": "20:-",
    "unit": "/kg",
    "description": "Ord.pris 31:90 kr.",
    "ord_pris": "31:90",
    "jfr_pris": null,
    "image": "https://image-transformer-api.tjek.com/?u=s3%3A%2F%2Fsgn-prd-assets%2Fuploads%2Fbusiness_images%2F1d1dvA%2F484ce7af938017e356f67ed022d3a85d&w=276&s=d45eb728db1929e1052ad88a08bfd256"
  },
  {
    "store": "ICA Globen",
    "name": "Päron i korg",
    "price": "15:-",
    "unit": "/st",
    "description": "1 kg | Klass 2 | ICA | Jfr pris 15:00/kg | Ord.pris 18:90 kr.",
    "ord_pris": "18:90",
    "jfr_pris": "15:00",
    "image": "https://image-transformer-api.tjek.com/?u=s3%3A%2F%2Fsgn-prd-assets%2Fuploads%2Fbusiness_images%2F1d1dvA%2F85683bc49eb8fbedc08d904ce555a6ff&w=572&s=63328f416aba114cfbb37aba61f40f17"
  },
  {
    "store": "ICA Globen",
    "name": "Skurna sallader i påse",
    "price": "20:-",
    "unit": "/st",
    "description": "125-225 g | Flera sorter | ICA | Jfr pris 88:89-160:00/kg | Ord.pris 24:90-28:90 kr.",
    "ord_pris": "24:90-28:90",
    "jfr_pris": "88:89-160:00",
    "image": "https://image-transformer-api.tjek.com/?u=s3%3A%2F%2Fsgn-prd-assets%2Fuploads%2Fbusiness_images%2F1d1dvA%2F6a02a2cae101a80959b4732d4e67cb86&w=572&s=635ea2cbcfbaf76b336db436d0f3d042"
  },
  {
    "store": "ICA Globen",
    "name": "Färskost",
    "price": "34:-",
    "unit": "2 för",
    "description": "200 g | Gäller naturell och vitlök/örter | ICA | Jfr pris 85:00/kg | Ord.pris 21:90 kr.",
    "ord_pris": "21:90",
    "jfr_pris": "85:00",
    "image": "https://image-transformer-api.tjek.com/?u=s3%3A%2F%2Fsgn-prd-assets%2Fuploads%2Fbusiness_images%2F1d1dvA%2F341c4074fe063de677280fbd6a359f4f&w=276&s=7fb75bd6cbb77caa4bf090c93f5ba61a"
  },
  {
    "store": "ICA Globen",
    "name": "Grevé®, Herrgård®, Präst®, Rike®, Ära®",
    "price": "79:-",
    "unit": "/st",
    "description": "670 g | 28-35%. Mildlagrad | Skånemejerier | Jfr pris 117:91/kg | Ord.pris 92:90 kr.",
    "ord_pris": "92:90",
    "jfr_pris": "117:91",
    "image": "https://image-transformer-api.tjek.com/?u=s3%3A%2F%2Fsgn-prd-assets%2Fuploads%2Fbusiness_images%2F1d1dvA%2F4c8a9a7088268c83673ee4d38ba15475&w=276&s=6651e73eb98b88d20c0ac2d10432a76a"
  },
  {
    "store": "ICA Globen",
    "name": "Basturökt skinka",
    "price": "269:-",
    "unit": "/kg",
    "description": "Från vår manuella | Lönneberga | Ord.pris 309:00 kr.",
    "ord_pris": "309:00",
    "jfr_pris": null,
    "image": "https://image-transformer-api.tjek.com/?u=s3%3A%2F%2Fsgn-prd-assets%2Fuploads%2Fbusiness_images%2F1d1dvA%2F22d7b3eeb73a324f5beb6780ae90d49e&w=276&s=c8b296d224d7e6a3497a62e12f58613d"
  },
  {
    "store": "ICA Globen",
    "name": "Färsk pasta",
    "price": "10:-",
    "unit": "/st",
    "description": "200-250 g | Gäller ej fylld, glutenfri | ICA | Max 2 köp/hushåll | Jfr pris 40:00-50:00/kg | Ord.pris 18:90 kr.",
    "ord_pris": "18:90",
    "jfr_pris": "40:00-50:00",
    "image": "https://image-transformer-api.tjek.com/?u=s3%3A%2F%2Fsgn-prd-assets%2Fuploads%2Fbusiness_images%2F1d1dvA%2Fb4eddf0139ab6f094716eed07219a127&w=276&s=5d8c68ce8743e3f8b51366d89e490e75"
  },
  {
    "store": "ICA Globen",
    "name": "Kamben",
    "price": null,
    "unit": "/kg",
    "description": "Ca 800 g | ICA | Ord.pris 105:90 kr.",
    "ord_pris": "105:90",
    "jfr_pris": null,
    "image": "https://image-transformer-api.tjek.com/?u=s3%3A%2F%2Fsgn-prd-assets%2Fuploads%2Fbusiness_images%2F1d1dvA%2Fe4203c057818249c12da7cf4c2dace59&w=276&s=ab5401858ddb9f89566401ee1b6c41b4"
  },
  {
    "store": "ICA Globen",
    "name": "Herrgård®, Präst®, Grevé®",
    "price": "119:-",
    "unit": "/kg",
    "description": "Ca 667-730 g | Gäller Präst-, Grevé-, Herrgårdsost, Svecia och Dackeost. Fetthalt 17-36% | Arla Ko | Ord.pris 141:90-175:90 kr.",
    "ord_pris": "141:90-175:90",
    "jfr_pris": null,
    "image": "https://image-transformer-api.tjek.com/?u=s3%3A%2F%2Fsgn-prd-assets%2Fuploads%2Fbusiness_images%2F1d1dvA%2F41ea2831f0253f9568c1fd38edd27da6&w=276&s=99c3914d5e7637a753322655a42ebd89"
  },
  {
    "store": "ICA Globen",
    "name": "Sås flaska",
    "price": "40:-",
    "unit": "2 för",
    "description": "250 ml | Flera olika sorter | Rydbergs | Jfr pris 80:00/liter | Ord.pris 29:90 kr.",
    "ord_pris": "29:90",
    "jfr_pris": "80:00",
    "image": "https://image-transformer-api.tjek.com/?u=s3%3A%2F%2Fsgn-prd-assets%2Fuploads%2Fbusiness_images%2F1d1dvA%2F5a49619d8d7773e9c60be91203dec4ac&w=276&s=e6d60f3958d6255215575f62465390be"
  },
  {
    "store": "ICA Globen",
    "name": "Smörgåsmat",
    "price": "20:-",
    "unit": "/st",
    "description": "90-160 g | Plånbokspackad | Pärsons | Jfr pris 125:00-222:22/kg | Ord.pris 24:90-32:90 kr.",
    "ord_pris": "24:90-32:90",
    "jfr_pris": "125:00-222:22",
    "image": "https://image-transformer-api.tjek.com/?u=s3%3A%2F%2Fsgn-prd-assets%2Fuploads%2Fbusiness_images%2F1d1dvA%2Ffbe158bf85ffe1bd5766a3dea585a5e9&w=276&s=0a41170b867bc87e73edef4e77d4d6e3"
  },
  {
    "store": "ICA Globen",
    "name": "Benfri kotlett, karré",
    "price": "35:-",
    "unit": "/st",
    "description": "300 g | 2 skivor | ICA | Max 2 köp/hushåll | Jfr pris 116:67/kg | Ord.pris 46:90-47:90 kr.",
    "ord_pris": "46:90-47:90",
    "jfr_pris": "116:67",
    "image": "https://image-transformer-api.tjek.com/?u=s3%3A%2F%2Fsgn-prd-assets%2Fuploads%2Fbusiness_images%2F1d1dvA%2F56ece0c70a538b0bb2f4e167fdcd14cc&w=276&s=e9d2a5a222b1f0f093789988c8fa3c74"
  },
  {
    "store": "ICA Globen",
    "name": "Färska kycklingdelar",
    "price": "59:-",
    "unit": "/kg",
    "description": "Ca 825-900 g | Gäller ej vingar | Kronfågel | Ord.pris 76:90 kr.",
    "ord_pris": "76:90",
    "jfr_pris": null,
    "image": "https://image-transformer-api.tjek.com/?u=s3%3A%2F%2Fsgn-prd-assets%2Fuploads%2Fbusiness_images%2F1d1dvA%2Fd1e26e08733d21d751172951900cdb31&w=276&s=acf0d7ca4321b96aee1b18d64831902d"
  },
  {
    "store": "ICA Globen",
    "name": "Salami",
    "price": "20:-",
    "unit": "/st",
    "description": "80-100 g | Skivad | Grilstad | Jfr pris 200:00-250:00/kg | Ord.pris 26:90 kr.",
    "ord_pris": "26:90",
    "jfr_pris": "200:00-250:00",
    "image": "https://image-transformer-api.tjek.com/?u=s3%3A%2F%2Fsgn-prd-assets%2Fuploads%2Fbusiness_images%2F1d1dvA%2F00fbebe45f0a56c78461ef3e85c4628b&w=276&s=068aec9ea14b0ca06bd1c4431411938b"
  },
  {
    "store": "ICA Globen",
    "name": "Färskt sidfläsk i bit",
    "price": null,
    "unit": "/kg",
    "description": "Ca 600 g | Benfritt. Med svål | ICA | Ord.pris 109:90 kr.",
    "ord_pris": "109:90",
    "jfr_pris": null,
    "image": "https://image-transformer-api.tjek.com/?u=s3%3A%2F%2Fsgn-prd-assets%2Fuploads%2Fbusiness_images%2F1d1dvA%2F774f6960dda6c918938dca989a037f6c&w=276&s=27fd790c8957299372d843f86fc7889d"
  },
  {
    "store": "ICA Globen",
    "name": "Färska korvar",
    "price": null,
    "unit": "/st",
    "description": "300 g | Gäller ej lammkorv och ekologisk salsiccia. 90% kötthalt | ICA | Max 2 köp/hushåll | Jfr pris 99:67/kg | Ord.pris 47:90 kr.",
    "ord_pris": "47:90",
    "jfr_pris": "99:67",
    "image": "https://image-transformer-api.tjek.com/?u=s3%3A%2F%2Fsgn-prd-assets%2Fuploads%2Fbusiness_images%2F1d1dvA%2Fd84553cd33f43bf75c89de8200204ce5&w=276&s=d4d5fc57d9e3e9901d81c13d1706393a"
  },
  {
    "store": "ICA Globen",
    "name": "Fläskfärs",
    "price": null,
    "unit": "/st",
    "description": "500 g | Max 20% fetthalt | ICA | Jfr pris 79:80/kg | Ord.pris 50:90 kr.",
    "ord_pris": "50:90",
    "jfr_pris": "79:80",
    "image": "https://image-transformer-api.tjek.com/?u=s3%3A%2F%2Fsgn-prd-assets%2Fuploads%2Fbusiness_images%2F1d1dvA%2Fb9d303396cbad77d97a3308d67ae3c2d&w=276&s=8abe5ce4764053d55e64fa39e386f4f1"
  },
  {
    "store": "ICA Globen",
    "name": "Tandkräm",
    "price": "39:-",
    "unit": "2 för",
    "description": "75 ml | Zendium | Jfr pris 260:00/liter | Ord.pris 25:90-30:90 kr.",
    "ord_pris": "25:90-30:90",
    "jfr_pris": "260:00",
    "image": "https://image-transformer-api.tjek.com/?u=s3%3A%2F%2Fsgn-prd-assets%2Fuploads%2Fbusiness_images%2F1d1dvA%2F2dfd7a3bf5ebf986970da0fd6403ddcf&w=276&s=3a98338184fbfa85b52fc97f40d80c98"
  },
  {
    "store": "ICA Globen",
    "name": "Müslibar",
    "price": "20:-",
    "unit": "3 för",
    "description": "40-50 g | Corny | Max 1 köp/hushåll | Jfr pris 133:33-166:67/kg | Ord.pris 10:90 kr.",
    "ord_pris": "10:90",
    "jfr_pris": "133:33-166:67",
    "image": "https://image-transformer-api.tjek.com/?u=s3%3A%2F%2Fsgn-prd-assets%2Fuploads%2Fbusiness_images%2F1d1dvA%2Fc0c183d3f00647eca75c4f93a1a5fc50&w=276&s=0253ca5e25ea601c3a5c7788a314748d"
  },
  {
    "store": "ICA Globen",
    "name": "Baby tvättservetter",
    "price": "169:-",
    "unit": "16 för",
    "description": "16 x 72-pack | Hel låda | ICA | Jfr pris 0:15/st | Ord.pris 18:90 kr.",
    "ord_pris": "18:90",
    "jfr_pris": "0:15",
    "image": "https://image-transformer-api.tjek.com/?u=s3%3A%2F%2Fsgn-prd-assets%2Fuploads%2Fbusiness_images%2F1d1dvA%2Ffe5ea970b9eeb7bf76b31309bfa5f736&w=276&s=90abe4eb8d101cc79e9bac34f763921e"
  },
  {
    "store": "ICA Globen",
    "name": "Hortensia",
    "price": "99:-",
    "unit": "/st",
    "description": "3-6 grenad. Flera färger. 13 cm kruka | ICA | Jfr pris 99:00/st | Ord.pris 129:90 kr.",
    "ord_pris": "129:90",
    "jfr_pris": "99:00",
    "image": "https://image-transformer-api.tjek.com/?u=s3%3A%2F%2Fsgn-prd-assets%2Fuploads%2Fbusiness_images%2F1d1dvA%2F12b27a68f023b4916dcf22fb77aef6a7&w=276&s=3f902202b50f772ad368b12a10b112b1"
  },
  {
    "store": "ICA Globen",
    "name": "LED Lampor Ljusgröna förpackningar",
    "price": "80:-",
    "unit": "4 för",
    "description": "1-pack | Gäller endast ljusgröna förpackningar. Dimbara och icke dimbara | ICA | Jfr pris 20:00/st | Ord.pris 24:90-45:90 kr.",
    "ord_pris": "24:90-45:90",
    "jfr_pris": "20:00",
    "image": "https://image-transformer-api.tjek.com/?u=s3%3A%2F%2Fsgn-prd-assets%2Fuploads%2Fbusiness_images%2F1d1dvA%2F727ed1d6d5f695e0b4c924d19b2393a6&w=276&s=3175c9304f386e14cb278715435bb357"
  },
  {
    "store": "ICA Globen",
    "name": "Proteinyoghurt",
    "price": "25:-",
    "unit": "/st",
    "description": "1 kg | Lindahls | Jfr pris 25:00/kg | Ord.pris 33:90 kr.",
    "ord_pris": "33:90",
    "jfr_pris": "25:00",
    "image": "https://image-transformer-api.tjek.com/?u=s3%3A%2F%2Fsgn-prd-assets%2Fuploads%2Fbusiness_images%2F1d1dvA%2F4686ec0b9aa5ec4c28b1b9b902608257&w=276&s=e2bda6bf4b2d8a0b29dac8b864af1afd"
  },
  {
    "store": "ICA Globen",
    "name": "Juice",
    "price": "27:-",
    "unit": null,
    "description": "1 liter | Gäller ej från koncentrat | ICA | Jfr pris 27:00/liter + pant | Ord.pris 31:90-35:90 kr.",
    "ord_pris": "31:90-35:90",
    "jfr_pris": "27:00",
    "image": "https://image-transformer-api.tjek.com/?u=s3%3A%2F%2Fsgn-prd-assets%2Fuploads%2Fbusiness_images%2F1d1dvA%2F7f996c3148e6392dd81f4fd8780937c4&w=276&s=6a3dfc1774dfdf7a8ffd030451e4c471"
  },
  {
    "store": "ICA Globen",
    "name": "iKaffe, Havredryck",
    "price": "30:-",
    "unit": "2 för",
    "description": "1 liter | Flera olika sorter. Gäller ej smaksatt | Oatly | Max 1 köp/hushåll | Jfr pris 15:00/liter | Ord.pris 18:90-23:90 kr.",
    "ord_pris": "18:90-23:90",
    "jfr_pris": "15:00",
    "image": "https://image-transformer-api.tjek.com/?u=s3%3A%2F%2Fsgn-prd-assets%2Fuploads%2Fbusiness_images%2F1d1dvA%2Fb2857ef7927c4593fd99147ab8a642c4&w=288&s=f2ddc604ff8361048eac28156d41a100"
  },
  {
    "store": "ICA Globen",
    "name": "Lättdryck",
    "price": "25:-",
    "unit": "5 för",
    "description": "2 dl | Flera olika smaker | Kiviks Musteri | Jfr pris 5:00/liter drick. + pant, 5:00/liter drickklar | Ord.pris 8:90 kr.",
    "ord_pris": "8:90",
    "jfr_pris": "5:00",
    "image": "https://image-transformer-api.tjek.com/?u=s3%3A%2F%2Fsgn-prd-assets%2Fuploads%2Fbusiness_images%2F1d1dvA%2F5731579c3e1bd3c47957b9b0e8985ac2&w=276&s=b1f033fd98072f4a7181848a9397de3d"
  },
  {
    "store": "ICA Globen",
    "name": "Ekologiska bönor, linser, kikärtor",
    "price": "40:-",
    "unit": "4 för",
    "description": "380 g | Zeta | Jfr pris 43:48/kg utan spad | Ord.pris 15:90 kr.",
    "ord_pris": "15:90",
    "jfr_pris": "43:48",
    "image": "https://image-transformer-api.tjek.com/?u=s3%3A%2F%2Fsgn-prd-assets%2Fuploads%2Fbusiness_images%2F1d1dvA%2Ff1aeb2d841069b09f3d3d799e0828be1&w=276&s=f530b8c6dc8123a7fa1f040b0ba68a4c"
  },
  {
    "store": "ICA Globen",
    "name": "Godispåsar",
    "price": "30:-",
    "unit": "4 för",
    "description": "70-80 g | S-Märke | Jfr pris 93:75-107:14/kg | Ord.pris 11:90-15:90 kr.",
    "ord_pris": "11:90-15:90",
    "jfr_pris": "93:75-107:14",
    "image": "https://image-transformer-api.tjek.com/?u=s3%3A%2F%2Fsgn-prd-assets%2Fuploads%2Fbusiness_images%2F1d1dvA%2Fb061eb129c3b651d4495b4bf5618626b&w=276&s=6469a71e30ee0ce4fc2a42f05942d5c5"
  },
  {
    "store": "ICA Globen",
    "name": "Pastasås",
    "price": "35:-",
    "unit": "2 för",
    "description": "400 g | Barilla | Jfr pris 43:75/kg | Ord.pris 26:90 kr.",
    "ord_pris": "26:90",
    "jfr_pris": "43:75",
    "image": "https://image-transformer-api.tjek.com/?u=s3%3A%2F%2Fsgn-prd-assets%2Fuploads%2Fbusiness_images%2F1d1dvA%2Fb190b4724591e791188be302d138c6ba&w=572&s=2ef17cdfc201ba53bf253a57623bba25"
  },
  {
    "store": "ICA Globen",
    "name": "Energidryck",
    "price": "25:-",
    "unit": "2 för",
    "description": "355 ml | Celsius | Jfr pris 35:21/liter + pant | Ord.pris 21:90 kr.",
    "ord_pris": "21:90",
    "jfr_pris": "35:21",
    "image": "https://image-transformer-api.tjek.com/?u=s3%3A%2F%2Fsgn-prd-assets%2Fuploads%2Fbusiness_images%2F1d1dvA%2F9613e5198505ef0e955d1a50562afc6a&w=572&s=89d6c804c280591d5cceb3fc0abb27d1"
  },
  {
    "store": "ICA Globen",
    "name": "Pesto",
    "price": "50:-",
    "unit": "3 för",
    "description": "185 g | ICA | Jfr pris 90:09/kg | Ord.pris 26:90 kr.",
    "ord_pris": "26:90",
    "jfr_pris": "90:09",
    "image": "https://image-transformer-api.tjek.com/?u=s3%3A%2F%2Fsgn-prd-assets%2Fuploads%2Fbusiness_images%2F1d1dvA%2F0117bc87b66fb7156df84f8cbff466b4&w=276&s=3956b76748255de7d30989ee4ed53020"
  },
  {
    "store": "ICA Globen",
    "name": "Havrekuddar",
    "price": "40:-",
    "unit": "2 för",
    "description": "375 g | ICA | Jfr pris 53:33/kg | Ord.pris 29:90 kr.",
    "ord_pris": "29:90",
    "jfr_pris": "53:33",
    "image": "https://image-transformer-api.tjek.com/?u=s3%3A%2F%2Fsgn-prd-assets%2Fuploads%2Fbusiness_images%2F1d1dvA%2Ffec3324bee9a0d1739c8171aea4526ac&w=276&s=6b96803576c5320fb46ef4de57dc64a2"
  },
  {
    "store": "ICA Globen",
    "name": "Smoothie, Puré",
    "price": "30:-",
    "unit": "4 för",
    "description": "90 g | ICA | Jfr pris 83:33/kg | Ord.pris 10:90-12:90 kr.",
    "ord_pris": "10:90-12:90",
    "jfr_pris": "83:33",
    "image": "https://image-transformer-api.tjek.com/?u=s3%3A%2F%2Fsgn-prd-assets%2Fuploads%2Fbusiness_images%2F1d1dvA%2F33df33b2fca609f002449280368461ec&w=276&s=1d7c687edc601bb9f0667965ed64e708"
  },
  {
    "store": "ICA Globen",
    "name": "Bakchoklad",
    "price": "30:-",
    "unit": "/st",
    "description": "200 g | ICA | Jfr pris 150:00/kg | Ord.pris 36:90 kr. 30dgr.pris 36:90 kr.",
    "ord_pris": "36:90",
    "jfr_pris": "150:00",
    "image": "https://image-transformer-api.tjek.com/?u=s3%3A%2F%2Fsgn-prd-assets%2Fuploads%2Fbusiness_images%2F1d1dvA%2F177336a76ab05a53e848dbdd706065da&w=276&s=d53e262ecb7015bf720a926c2784a654"
  },
  {
    "store": "ICA Globen",
    "name": "Nutella",
    "price": "65:-",
    "unit": "2 för",
    "description": "350 g | Ferrero | Jfr pris 92:86/kg | Ord.pris 43:90 kr.",
    "ord_pris": "43:90",
    "jfr_pris": "92:86",
    "image": "https://image-transformer-api.tjek.com/?u=s3%3A%2F%2Fsgn-prd-assets%2Fuploads%2Fbusiness_images%2F1d1dvA%2F45e592288bbb56698432ba57f893c72c&w=276&s=69bbf77ddd300ca67d7498a40067ba49"
  },
  {
    "store": "ICA Globen",
    "name": "Te",
    "price": "36:-",
    "unit": "2 för",
    "description": "125-150 gr | Kobbs | Jfr pris 120:00-144:00/kg | Ord.pris 23:90-31:90 kr.",
    "ord_pris": "23:90-31:90",
    "jfr_pris": "120:00-144:00",
    "image": "https://image-transformer-api.tjek.com/?u=s3%3A%2F%2Fsgn-prd-assets%2Fuploads%2Fbusiness_images%2F1d1dvA%2Fcdac843ccca7de8501bb3aa263eb8a77&w=276&s=b2d0de252f8a460507df3441c4673fb6"
  },
  {
    "store": "Stora Coop Västberga",
    "name": "Makaroner (Kungsörnen)",
    "price": "2 för 22:-",
    "unit": "st",
    "description": "750 g. Välj mellan snabbmakaroner och gammeldags idealmakaroner.",
    "ord_pris": null,
    "jfr_pris": "14,67 SEK/kg.",
    "image": "https://res.cloudinary.com/coopsverige/image/upload/w_400,f_auto,q_auto/v1765947088/cloud/588997.png"
  },
  {
    "store": "Stora Coop Västberga",
    "name": "Smörgåspålägg tunna skivor (Pärsons)",
    "price": "2 för 55:-",
    "unit": "st",
    "description": "150-200 g.  Kylda. Välj mellan rökt gourmetskinka, basturökt skinka och rökt kalkon.",
    "ord_pris": null,
    "jfr_pris": "137,50-183,33/kg.",
    "image": "https://res.cloudinary.com/coopsverige/image/upload/w_400,f_auto,q_auto/v1646298508/cloud/248383.png"
  },
  {
    "store": "Stora Coop Västberga",
    "name": "Bregott (Arla)",
    "price": "65:-",
    "unit": "st",
    "description": "750 g. Kyld. Välj mellan normalsaltat eller mellan.",
    "ord_pris": null,
    "jfr_pris": "86,67/kg.",
    "image": "https://res.cloudinary.com/coopsverige/image/upload/w_400,f_auto,q_auto/v1702641756/cloud/311511.png"
  },
  {
    "store": "Stora Coop Västberga",
    "name": "Apelsiner i nät  (Spanien/Coop)",
    "price": "19:-",
    "unit": "st",
    "description": "1 kg. Klass 1.",
    "ord_pris": null,
    "jfr_pris": null,
    "image": "https://res.cloudinary.com/coopsverige/image/upload/w_400,f_auto,q_auto/v1669797137/cloud/267948.png"
  },
  {
    "store": "Stora Coop Västberga",
    "name": "Falukorv (Sverige/Coop)",
    "price": "2 för 59:-",
    "unit": "st",
    "description": "800 g. Kyld.",
    "ord_pris": null,
    "jfr_pris": "36,88/kg.",
    "image": "https://res.cloudinary.com/coopsverige/image/upload/w_400,f_auto,q_auto/v1600718773/408756.png"
  },
  {
    "store": "Stora Coop Västberga",
    "name": "Skärgårdskaka Hönö (Pågen)",
    "price": "25:-",
    "unit": "st",
    "description": "750 g.",
    "ord_pris": null,
    "jfr_pris": "33,33/kg.",
    "image": "https://res.cloudinary.com/coopsverige/image/upload/w_400,f_auto,q_auto/v1630257719/cloud/201773.png"
  },
  {
    "store": "Stora Coop Västberga",
    "name": "Pizza (Billys)",
    "price": "2 för 99:-",
    "unit": "st",
    "description": "660 g. Fryst. Välj mellan olika sorter.",
    "ord_pris": null,
    "jfr_pris": "75kr/kg.",
    "image": "https://res.cloudinary.com/coopsverige/image/upload/w_400,f_auto,q_auto/v1758555317/cloud/520288.png"
  },
  {
    "store": "Stora Coop Västberga",
    "name": "Pommes (Felix)",
    "price": "2 för 49:-",
    "unit": "st",
    "description": "600-900 g. Frysta. Välj mellan chips, crisscut, strips och frites.",
    "ord_pris": null,
    "jfr_pris": "27,22-40,83/kg.",
    "image": "https://res.cloudinary.com/coopsverige/image/upload/w_400,f_auto,q_auto/v1611680713/418373.png"
  },
  {
    "store": "Stora Coop Västberga",
    "name": "Läsk (Champis/Trocadero)",
    "price": "2 för 22:-",
    "unit": "st",
    "description": "1,5 liter. Välj mellan olika sorter.",
    "ord_pris": null,
    "jfr_pris": "7,33/liter.",
    "image": "https://res.cloudinary.com/coopsverige/image/upload/w_400,f_auto,q_auto/v1737369075/cloud/425947.png"
  },
  {
    "store": "Stora Coop Västberga",
    "name": "Chokladkaka (Marabou)",
    "price": "2 för 50:-",
    "unit": "st",
    "description": "160-180 g. Välj mellan olika sorter.",
    "ord_pris": null,
    "jfr_pris": "138,89-156,25/kg.",
    "image": "https://res.cloudinary.com/coopsverige/image/upload/w_400,f_auto,q_auto/v1758884557/cloud/523795.png"
  },
  {
    "store": "Stora Coop Västberga",
    "name": "Fläsklägg  (Sverige/Dalsjöfors)",
    "price": "49.9:-",
    "unit": "kg",
    "description": "Ca 1200 g. Kyld. Rimmad. Med ben.",
    "ord_pris": null,
    "jfr_pris": null,
    "image": "https://res.cloudinary.com/coopsverige/image/upload/w_400,f_auto,q_auto/v1704783923/cloud/317183.png"
  },
  {
    "store": "Stora Coop Västberga",
    "name": "Spaghetti (Barilla)",
    "price": "20:-",
    "unit": "st",
    "description": "1000 g.",
    "ord_pris": null,
    "jfr_pris": null,
    "image": "https://res.cloudinary.com/coopsverige/image/upload/w_400,f_auto,q_auto/v1710318372/cloud/335312.png"
  },
  {
    "store": "Stora Coop Västberga",
    "name": "Drickkvarg/Drickyoghurt (Yoggi)",
    "price": "2 för 30:-",
    "unit": "st",
    "description": "350 ml. Välj mellan olika sorters drickkvarg, drickyoghurt och yoghurtsmoothie.",
    "ord_pris": null,
    "jfr_pris": "42,86/liter.",
    "image": "https://res.cloudinary.com/coopsverige/image/upload/w_400,f_auto,q_auto/v1655820659/cloud/254287.png"
  },
  {
    "store": "Stora Coop Västberga",
    "name": "Buljong 8-pack (Maggi)",
    "price": "2 för 25:-",
    "unit": "st",
    "description": "Välj mellan olika sorter.",
    "ord_pris": null,
    "jfr_pris": "3,13/st.",
    "image": "https://res.cloudinary.com/coopsverige/image/upload/w_400,f_auto,q_auto/v1759478803/cloud/532839.png"
  },
  {
    "store": "Stora Coop Västberga",
    "name": "Riven ost (Coop)",
    "price": "2 för 40:-",
    "unit": "st",
    "description": "150 g. Välj mellan olika sorter.",
    "ord_pris": null,
    "jfr_pris": "133,33/kg.",
    "image": "https://res.cloudinary.com/coopsverige/image/upload/w_400,f_auto,q_auto/v1705474382/cloud/319392.png"
  },
  {
    "store": "Stora Coop Västberga",
    "name": "Te (Twinings)",
    "price": "2 för 65:-",
    "unit": "st",
    "description": "20-25 st. Välj mellan olika sorter.",
    "ord_pris": null,
    "jfr_pris": "1,30-1,63/st",
    "image": "https://res.cloudinary.com/coopsverige/image/upload/w_400,f_auto,q_auto/v1720081470/cloud/370469.png"
  },
  {
    "store": "Stora Coop Västberga",
    "name": "Såser (El Taco)",
    "price": "2 för 49:-",
    "unit": "st",
    "description": "200 ml. Välj mellan olika sorter.",
    "ord_pris": null,
    "jfr_pris": "122,50/liter.",
    "image": "https://res.cloudinary.com/coopsverige/image/upload/w_400,f_auto,q_auto/v1759253641/cloud/528737.png"
  },
  {
    "store": "Stora Coop Västberga",
    "name": "Karréstek (Sverige/Dalsjöfors)",
    "price": "79:-",
    "unit": "kg",
    "description": "Ca 1100 g. Kyld. Benfri. I bit. Välj mellan olika kryddningar.",
    "ord_pris": null,
    "jfr_pris": null,
    "image": "https://res.cloudinary.com/coopsverige/image/upload/w_400,f_auto,q_auto/v1704780910/cloud/317079.png"
  },
  {
    "store": "Stora Coop Västberga",
    "name": "Rostad müsli (Frebaco Kvarn)",
    "price": "2 för 65:-",
    "unit": "st",
    "description": "350-375 g. Välj mellan olika sorter.",
    "ord_pris": null,
    "jfr_pris": "86,67-92,86/kg.",
    "image": "https://res.cloudinary.com/coopsverige/image/upload/w_400,f_auto,q_auto/v1758178177/cloud/517978.png"
  },
  {
    "store": "Stora Coop Västberga",
    "name": "Ekologiska morötter (Sverige/Änglamark)",
    "price": "15:-",
    "unit": "st",
    "description": "1 kg. Klass 1.",
    "ord_pris": null,
    "jfr_pris": null,
    "image": "https://res.cloudinary.com/coopsverige/image/upload/w_400,f_auto,q_auto/v1756305228/cloud/508980.png"
  },
  {
    "store": "Stora Coop Västberga",
    "name": "Snackpaprika (Spanien/Coop)",
    "price": "2 för 35:-",
    "unit": "st",
    "description": "200 g. Klass 1.",
    "ord_pris": null,
    "jfr_pris": "100kr/kg.",
    "image": "https://res.cloudinary.com/coopsverige/image/upload/w_400,f_auto,q_auto/v1695906395/cloud/291942.png"
  },
  {
    "store": "Stora Coop Västberga",
    "name": "Grekisk/turkisk yoghurt (Arla Köket)",
    "price": "33.9:-",
    "unit": "st",
    "description": "1000 g. Fetthalt 10%.",
    "ord_pris": null,
    "jfr_pris": null,
    "image": "https://res.cloudinary.com/coopsverige/image/upload/w_400,f_auto,q_auto/v1664280257/cloud/259283.png"
  },
  {
    "store": "Stora Coop Västberga",
    "name": "Grillkorv (Sverige/Lindvalls Chark)",
    "price": "27.9:-",
    "unit": "st",
    "description": "270 g. Kyld. Välj mellan olika sorter.",
    "ord_pris": null,
    "jfr_pris": "103,33/kg.",
    "image": "https://res.cloudinary.com/coopsverige/image/upload/w_400,f_auto,q_auto/v1737988418/cloud/428468.png"
  },
  {
    "store": "Stora Coop Västberga",
    "name": "Quorn",
    "price": "2 för 109:-",
    "unit": "st",
    "description": "600-800 g. Välj mellan olika sorter. Fryst.",
    "ord_pris": null,
    "jfr_pris": "87,34-90,83/kg.",
    "image": "https://res.cloudinary.com/coopsverige/image/upload/w_400,f_auto,q_auto/v1655280557/cloud/253679.png"
  },
  {
    "store": "Stora Coop Västberga",
    "name": "Färs (Nonna Elide)",
    "price": "39.9:-",
    "unit": "st",
    "description": "400 g. Kyld. Välj mellan salsiccia och chorizofärs.",
    "ord_pris": null,
    "jfr_pris": "99,75/kg.",
    "image": "https://res.cloudinary.com/coopsverige/image/upload/w_400,f_auto,q_auto/v1703156764/cloud/313829.png"
  },
  {
    "store": "Stora Coop Västberga",
    "name": "Ost  (Wästgöta Kloster)",
    "price": "129:-",
    "unit": "kg",
    "description": "Ca 500-800 g.  Välj mellan olika sorter. Fetthalt 10-31%.",
    "ord_pris": null,
    "jfr_pris": null,
    "image": "https://res.cloudinary.com/coopsverige/image/upload/w_400,f_auto,q_auto/v1631194810/cloud/182207.png"
  },
  {
    "store": "Stora Coop Västberga",
    "name": "Delikatesspotatis (Sverige/Coop)",
    "price": "2 för 35:-",
    "unit": "st",
    "description": "900 g. Klass 1. Välj mellan olika sorter.",
    "ord_pris": null,
    "jfr_pris": "19,44/kg.",
    "image": "https://res.cloudinary.com/coopsverige/image/upload/w_400,f_auto,q_auto/v1738326067/cloud/430363.png"
  },
  {
    "store": "Stora Coop Västberga",
    "name": "Gräddfil (Sverige/Coop)",
    "price": "2 för 25:-",
    "unit": "st",
    "description": "300 ml.",
    "ord_pris": null,
    "jfr_pris": "41,67/liter.",
    "image": "https://res.cloudinary.com/coopsverige/image/upload/w_400,f_auto,q_auto/v1726648286/cloud/386564.png"
  },
  {
    "store": "Stora Coop Västberga",
    "name": "Proteinbar (Nick´s)",
    "price": "2 för 30:-",
    "unit": "st",
    "description": "35-50 g. Välj mellan olika sorter.",
    "ord_pris": null,
    "jfr_pris": null,
    "image": "https://res.cloudinary.com/coopsverige/image/upload/w_400,f_auto,q_auto/v1747725122/cloud/482139.png"
  },
  {
    "store": "Stora Coop Västberga",
    "name": "Kalkonbröstfilé Fryst (Sverige/Ingelsta Kalkon)",
    "price": "169:-",
    "unit": "kg",
    "description": "Ca 600 g. Fryst.",
    "ord_pris": null,
    "jfr_pris": null,
    "image": "https://res.cloudinary.com/coopsverige/image/upload/w_400,f_auto,q_auto/v1595219953/403937.png"
  },
  {
    "store": "Stora Coop Västberga",
    "name": "Chokladask (Marabou)",
    "price": "2 för 99:-",
    "unit": "st",
    "description": "165 g.",
    "ord_pris": null,
    "jfr_pris": "300kr/kg.",
    "image": "https://res.cloudinary.com/coopsverige/image/upload/w_400,f_auto,q_auto/v1613550975/421473.png"
  },
  {
    "store": "Stora Coop Västberga",
    "name": "Kex TUC (LU)",
    "price": "2 för 19:-",
    "unit": "st",
    "description": "100 g. Välj mellan olika sorter.",
    "ord_pris": null,
    "jfr_pris": "95kr/kg.",
    "image": "https://res.cloudinary.com/coopsverige/image/upload/w_400,f_auto,q_auto/v1739969408/cloud/442646.png"
  },
  {
    "store": "Stora Coop Västberga",
    "name": "Färsk pasta (Rana)",
    "price": "2 för 79:-",
    "unit": "st",
    "description": "250 g. Kyld. Välj mellan olika sorter.",
    "ord_pris": null,
    "jfr_pris": "158kr/kg.",
    "image": "https://res.cloudinary.com/coopsverige/image/upload/w_400,f_auto,q_auto/v1765160306/cloud/574210.png"
  },
  {
    "store": "Stora Coop Västberga",
    "name": "Spare ribs (Sverige/Coop)",
    "price": "56.9:-",
    "unit": "st",
    "description": "500 g.  Kylda. Välj mellan chili och BBQ.",
    "ord_pris": null,
    "jfr_pris": "113,80/kg.",
    "image": "https://res.cloudinary.com/coopsverige/image/upload/w_400,f_auto,q_auto/v1697461139/cloud/292957.png"
  },
  {
    "store": "Stora Coop Västberga",
    "name": "Palsternacka (Sverige)",
    "price": "10:-",
    "unit": "st",
    "description": "500 g. Klass 1.",
    "ord_pris": null,
    "jfr_pris": "18kr/kg.",
    "image": "https://res.cloudinary.com/coopsverige/image/upload/w_400,f_auto,q_auto/v1636362197/cloud/116392.png"
  },
  {
    "store": "Stora Coop Västberga",
    "name": "Maskindisktabletter (Finish)",
    "price": "99:-",
    "unit": "st",
    "description": "40-76 st. Välj mellan ultimate plus 40-pack, utlimate 58-pack och power 76-pack.",
    "ord_pris": null,
    "jfr_pris": "1,30-2,48/st.",
    "image": "https://res.cloudinary.com/coopsverige/image/upload/w_400,f_auto,q_auto/v1720171986/cloud/370883.png"
  },
  {
    "store": "Stora Coop Västberga",
    "name": "Havredryck (Coop)",
    "price": "3 för 40:-",
    "unit": "st",
    "description": "1 liter. Välj mellan olika sorter.",
    "ord_pris": null,
    "jfr_pris": "13,33/liter.",
    "image": "https://res.cloudinary.com/coopsverige/image/upload/w_400,f_auto,q_auto/v1726758135/cloud/387404.png"
  },
  {
    "store": "Stora Coop Västberga",
    "name": "Färska kycklingdetaljer (Sverige/Guldfågeln)",
    "price": "49.9:-",
    "unit": "kg",
    "description": "Ca 800-900 g. Kylda. Välj mellan ben, klubbor och vingar.",
    "ord_pris": null,
    "jfr_pris": null,
    "image": "https://res.cloudinary.com/coopsverige/image/upload/w_400,f_auto,q_auto/v1631197695/cloud/194048.png"
  },
  {
    "store": "Stora Coop Västberga",
    "name": "Biff (Irland/John's Selection)",
    "price": "57.9:-",
    "unit": "st",
    "description": "180 g. Kyld. Med kappa.",
    "ord_pris": null,
    "jfr_pris": "293,89/kg.",
    "image": "https://res.cloudinary.com/coopsverige/image/upload/w_400,f_auto,q_auto/v1677606651/cloud/275171.png"
  },
  {
    "store": "Stora Coop Västberga",
    "name": "Toalettpapper 12-pack (Lambi)",
    "price": "59:-",
    "unit": "st",
    "description": "1164 g.",
    "ord_pris": null,
    "jfr_pris": "50,69/kg.",
    "image": "https://res.cloudinary.com/coopsverige/image/upload/w_400,f_auto,q_auto/v1733224402/cloud/412080.png"
  },
  {
    "store": "Stora Coop Västberga",
    "name": "Vattenkokare  (Emerio)",
    "price": "99:-",
    "unit": "st",
    "description": "900W. Svart. Rymmer 1 liter.",
    "ord_pris": null,
    "jfr_pris": null,
    "image": "https://res.cloudinary.com/coopsverige/image/upload/w_400,f_auto,q_auto/v1726576847/cloud/386376.png"
  },
  {
    "store": "Stora Coop Västberga",
    "name": "Hushållspapper 6-pack (Lambi)",
    "price": "45:-",
    "unit": "st",
    "description": "726 g.",
    "ord_pris": null,
    "jfr_pris": "61,98/kg.",
    "image": "https://res.cloudinary.com/coopsverige/image/upload/w_400,f_auto,q_auto/v1758054744/cloud/516542.png"
  },
  {
    "store": "Coop Fruängen",
    "name": "Pizza (Billys)",
    "price": "2 för 99:-",
    "unit": "st",
    "description": "660 g. Fryst. Välj mellan olika sorter.",
    "ord_pris": null,
    "jfr_pris": "75kr/kg.",
    "image": "https://res.cloudinary.com/coopsverige/image/upload/w_400,f_auto,q_auto/v1758555317/cloud/520288.png"
  },
  {
    "store": "Coop Fruängen",
    "name": "Skogaholmslimpa",
    "price": "22.9:-",
    "unit": "st",
    "description": "775 g. Välj mellan olika sorter.",
    "ord_pris": null,
    "jfr_pris": "29,55/kg.",
    "image": "https://res.cloudinary.com/coopsverige/image/upload/w_400,f_auto,q_auto/v1765987629/cloud/589846.png"
  },
  {
    "store": "Coop Fruängen",
    "name": "Krossade tomater (Cirio)",
    "price": "2 för 20:-",
    "unit": "st",
    "description": "390 g.",
    "ord_pris": null,
    "jfr_pris": "25,64/kg.",
    "image": "https://res.cloudinary.com/coopsverige/image/upload/w_400,f_auto,q_auto/v1738625518/cloud/433539.png"
  },
  {
    "store": "Coop Fruängen",
    "name": "Apelsiner i nät  (Spanien/Coop)",
    "price": "19:-",
    "unit": "st",
    "description": "1 kg. Klass 1.",
    "ord_pris": null,
    "jfr_pris": null,
    "image": "https://res.cloudinary.com/coopsverige/image/upload/w_400,f_auto,q_auto/v1669797137/cloud/267948.png"
  },
  {
    "store": "Coop Fruängen",
    "name": "Yoghurt (Arla)",
    "price": "2 för 35:-",
    "unit": "st",
    "description": "1 kg. Välj mellan olika sorter.",
    "ord_pris": null,
    "jfr_pris": "17,50/kg.",
    "image": "https://res.cloudinary.com/coopsverige/image/upload/w_400,f_auto,q_auto/v1727261589/cloud/389216.png"
  },
  {
    "store": "Coop Fruängen",
    "name": "Läsk (Champis/Trocadero)",
    "price": "2 för 22:-",
    "unit": "st",
    "description": "1,5 liter. Välj mellan olika sorter. Pant tillkommer.",
    "ord_pris": null,
    "jfr_pris": "7,33/liter.",
    "image": "https://res.cloudinary.com/coopsverige/image/upload/w_400,f_auto,q_auto/v1737369075/cloud/425947.png"
  },
  {
    "store": "Coop Fruängen",
    "name": "Bacon 3-pack (Sverige/Scan)",
    "price": "39.9:-",
    "unit": "st",
    "description": "420 g. Kyld.",
    "ord_pris": null,
    "jfr_pris": "95kr/kg.",
    "image": "https://res.cloudinary.com/coopsverige/image/upload/w_400,f_auto,q_auto/v1742306000/cloud/455537.png"
  },
  {
    "store": "Coop Fruängen",
    "name": "Smörgåspålägg tunna skivor (Pärsons)",
    "price": "2 för 55:-",
    "unit": "st",
    "description": "150-200 g.  Kylda. Välj mellan olika sorter.",
    "ord_pris": null,
    "jfr_pris": "137,50-183,33/kg.",
    "image": "https://res.cloudinary.com/coopsverige/image/upload/w_400,f_auto,q_auto/v1646298508/cloud/248383.png"
  },
  {
    "store": "Coop Fruängen",
    "name": "Havredryck (Oatly)",
    "price": "2 för 35:-",
    "unit": "st",
    "description": "1 liter. Välj mellan iKaffe, iKaffe light och iKaffe eko.",
    "ord_pris": null,
    "jfr_pris": "17,50/liter.",
    "image": "https://res.cloudinary.com/coopsverige/image/upload/w_400,f_auto,q_auto/v1712302277/cloud/341759.png"
  },
  {
    "store": "Coop Fruängen",
    "name": "Flingor/puffar (Kellogg's)",
    "price": "2 för 39:-",
    "unit": "st",
    "description": "330-410 g. Välj mellan olika sorter.",
    "ord_pris": null,
    "jfr_pris": "96,34-119,69/kg.",
    "image": "https://res.cloudinary.com/coopsverige/image/upload/w_400,f_auto,q_auto/v1760113168/cloud/539171.png"
  },
  {
    "store": "Coop Fruängen",
    "name": "Blandfärs (Irland/John's Selection)",
    "price": "54.9:-",
    "unit": "st",
    "description": "500 g. Kyld. Fetthalt 20%. 50/50 nöt/fläsk.",
    "ord_pris": null,
    "jfr_pris": "99,80/kg.",
    "image": "https://res.cloudinary.com/coopsverige/image/upload/w_400,f_auto,q_auto/v1702633711/cloud/311383.png"
  },
  {
    "store": "Coop Fruängen",
    "name": "Hårt bröd (Wasa)",
    "price": "2 för 39:-",
    "unit": "st",
    "description": "550 g. Välj mellan Rågi och Sport.",
    "ord_pris": null,
    "jfr_pris": "35,45/kg.",
    "image": "https://res.cloudinary.com/coopsverige/image/upload/w_400,f_auto,q_auto/v1757910615/cloud/514905.png"
  },
  {
    "store": "Coop Fruängen",
    "name": "Kakor (Oreo)",
    "price": "2 för 35:-",
    "unit": "mix",
    "description": "115-157 g. Välj mellan olika sorter.",
    "ord_pris": null,
    "jfr_pris": "111,46-152,17/kg.",
    "image": "https://res.cloudinary.com/coopsverige/image/upload/w_400,f_auto,q_auto/v1734687904/cloud/420065.png"
  },
  {
    "store": "Coop Fruängen",
    "name": "Schampo/Balsam (Schwarzkopf Gliss)",
    "price": "2 för 55:-",
    "unit": "mix",
    "description": "200-250 ml. Välj mellan olika sorter.",
    "ord_pris": null,
    "jfr_pris": "110-137,50/liter.",
    "image": "https://res.cloudinary.com/coopsverige/image/upload/w_400,f_auto,q_auto/v1700202303/cloud/302905.png"
  },
  {
    "store": "Coop Fruängen",
    "name": "Kassler (Sverige/Coop)",
    "price": "89:-",
    "unit": "kg",
    "description": "Ca 600 g. Kyld. I bit.",
    "ord_pris": null,
    "jfr_pris": null,
    "image": "https://res.cloudinary.com/coopsverige/image/upload/w_400,f_auto,q_auto/v1604652076/411807.png"
  },
  {
    "store": "Coop Fruängen",
    "name": "Kryddor i småglas (Kockens)",
    "price": "2 för 40:-",
    "unit": "st",
    "description": "8-53 g. Välj mellan olika sorter. Gäller ej ekologiskt eller vaniljstång.",
    "ord_pris": null,
    "jfr_pris": null,
    "image": "https://res.cloudinary.com/coopsverige/image/upload/w_400,f_auto,q_auto/v1652350707/cloud/252001.png"
  },
  {
    "store": "Coop Fruängen",
    "name": "Chokladask (Marabou)",
    "price": "2 för 99:-",
    "unit": "st",
    "description": "165 g.",
    "ord_pris": null,
    "jfr_pris": "300kr/kg.",
    "image": "https://res.cloudinary.com/coopsverige/image/upload/w_400,f_auto,q_auto/v1613550975/421473.png"
  },
  {
    "store": "Coop Fruängen",
    "name": "Räkor (Royal Greenland)",
    "price": "2 för 129:-",
    "unit": "st",
    "description": "400 g. Frysta. Storlek 120/150.",
    "ord_pris": null,
    "jfr_pris": "81,25/kg.",
    "image": "https://res.cloudinary.com/coopsverige/image/upload/w_400,f_auto,q_auto/v1691143195/cloud/287157.png"
  },
  {
    "store": "Coop Fruängen",
    "name": "Nutella",
    "price": "2 för 32.9:-",
    "unit": "st",
    "description": "350 g.",
    "ord_pris": null,
    "jfr_pris": "92,86/kg.",
    "image": "https://res.cloudinary.com/coopsverige/image/upload/w_400,f_auto,q_auto/v1597999413/405536.png"
  },
  {
    "store": "Coop Fruängen",
    "name": "Färs (Nonna Elide)",
    "price": "45:-",
    "unit": "st",
    "description": "400 g. Kyld. Välj mellan salsiccia och chorizofärs.",
    "ord_pris": null,
    "jfr_pris": "112,50/kg.",
    "image": "https://res.cloudinary.com/coopsverige/image/upload/w_400,f_auto,q_auto/v1703156764/cloud/313829.png"
  },
  {
    "store": "Coop Fruängen",
    "name": "Halstabletter",
    "price": "2 för 35:-",
    "unit": "st",
    "description": "72 g. Välj mellan olika sorter.",
    "ord_pris": null,
    "jfr_pris": "243,06/kg.",
    "image": "https://res.cloudinary.com/coopsverige/image/upload/w_400,f_auto,q_auto/v1758601895/cloud/520632.png"
  },
  {
    "store": "Coop Fruängen",
    "name": "Pizza (Grandiosa)",
    "price": "2 för 85:-",
    "unit": "st",
    "description": "575 g. Fryst. Välj mellan olika sorter.",
    "ord_pris": null,
    "jfr_pris": null,
    "image": "https://res.cloudinary.com/coopsverige/image/upload/w_400,f_auto,q_auto/v1659000444/cloud/256152.png"
  },
  {
    "store": "Coop Fruängen",
    "name": "Grytbitar Sous-vide (Sverige/Coop)",
    "price": "64.9:-",
    "unit": "st",
    "description": "400 g. Kyld. Välj mellan nöt och oxbringa.",
    "ord_pris": null,
    "jfr_pris": "162,25/kg.",
    "image": "https://res.cloudinary.com/coopsverige/image/upload/w_400,f_auto,q_auto/v1737110646/cloud/425088.png"
  },
  {
    "store": "Coop Fruängen",
    "name": "Pan Pizza/Piroger (Billys/Gorbys)",
    "price": "105:-",
    "unit": "st",
    "description": "1400-1530 g. Fryst. Välj mellan piroger 10-pack och pan pizza original 9-pack.",
    "ord_pris": null,
    "jfr_pris": "68,63-75kr/kg.",
    "image": "https://res.cloudinary.com/coopsverige/image/upload/w_400,f_auto,q_auto/v1734535389/cloud/417240.png"
  },
  {
    "store": "Coop Fruängen",
    "name": "Ost  (Wästgöta Kloster)",
    "price": "139:-",
    "unit": "kg",
    "description": "500-800 g.  Fetthalt 10-31%. Välj mellan munkens röda, munkens svarta och munkens svarta 10%.",
    "ord_pris": null,
    "jfr_pris": null,
    "image": "https://res.cloudinary.com/coopsverige/image/upload/w_400,f_auto,q_auto/v1631194810/cloud/182207.png"
  },
  {
    "store": "Coop Fruängen",
    "name": "Färsk pasta (Rana)",
    "price": "2 för 79:-",
    "unit": "st",
    "description": "250 g. Kyld. Välj mellan olika sorter.",
    "ord_pris": null,
    "jfr_pris": "158kr/kg.",
    "image": "https://res.cloudinary.com/coopsverige/image/upload/w_400,f_auto,q_auto/v1765160306/cloud/574210.png"
  },
  {
    "store": "Coop Fruängen",
    "name": "WC-rengöringsmedel (Duck)",
    "price": "2 för 45:-",
    "unit": "st",
    "description": "750 ml. Välj mellan olika sorters rengöringsmedel och toalettblock.",
    "ord_pris": null,
    "jfr_pris": "30kr/liter.",
    "image": "https://res.cloudinary.com/coopsverige/image/upload/w_400,f_auto,q_auto/v1679405995/cloud/277381.png"
  },
  {
    "store": "Coop Fruängen",
    "name": "Blodapelsiner i nät (Italien/Coop)",
    "price": "25:-",
    "unit": "st",
    "description": "1 kg. Klass 1.",
    "ord_pris": null,
    "jfr_pris": null,
    "image": "https://res.cloudinary.com/coopsverige/image/upload/w_400,f_auto,q_auto/v1708012159/cloud/328023.png"
  },
  {
    "store": "Coop Fruängen",
    "name": "Bacon (Tulip)",
    "price": "49:-",
    "unit": "st",
    "description": "375-500 g. Kyld. Välj mellan 3-pack och tärnat.",
    "ord_pris": null,
    "jfr_pris": "98-130,67/kg.",
    "image": "https://res.cloudinary.com/coopsverige/image/upload/w_400,f_auto,q_auto/v1636729802/cloud/238985.png"
  },
  {
    "store": "Coop Fruängen",
    "name": "Roast N Toast (Pågen)",
    "price": "29.9:-",
    "unit": "st",
    "description": "800 g.",
    "ord_pris": null,
    "jfr_pris": "37,38/kg.",
    "image": "https://res.cloudinary.com/coopsverige/image/upload/w_400,f_auto,q_auto/v1719383898/cloud/367762.png"
  },
  {
    "store": "Coop Fruängen",
    "name": "Ekologisk potatis (Sverige/Änglamark)",
    "price": "20:-",
    "unit": "st",
    "description": "1 kg. Klass 1. Välj mellan fast och mjölig.",
    "ord_pris": null,
    "jfr_pris": null,
    "image": "https://res.cloudinary.com/coopsverige/image/upload/w_400,f_auto,q_auto/v1702048622/cloud/308344.png"
  },
  {
    "store": "Coop Fruängen",
    "name": "Stekpanna 28 cm (Köksträdgården)",
    "price": "299:-",
    "unit": "st",
    "description": "Av återvunnet stål och PFAS-fri, tålig, keramisk beläggning.",
    "ord_pris": null,
    "jfr_pris": null,
    "image": "https://res.cloudinary.com/coopsverige/image/upload/w_400,f_auto,q_auto/v1742204322/cloud/454471.png"
  },
  {
    "store": "Coop Fruängen",
    "name": "Ugnsform 2-pack (Gastromax)",
    "price": "99:-",
    "unit": "st",
    "description": "Med PFAS-fri non stick-beläggning. Rymmer 2,5 respektive 3,5 liter.",
    "ord_pris": null,
    "jfr_pris": null,
    "image": "https://res.cloudinary.com/coopsverige/image/upload/w_400,f_auto,q_auto/v1530603356/312369.png"
  }
]